4450 5518
635 397 702 468 nn
727 395 898 524 ortuo.
912 381 1237 468 manuninum.
1716 401 1748 476 a

127 627 409 738 barbarorum
429 627 594 723 crebras
622 631 887 715 excursiones
913 613 1060 716 omnia
1088 623 1209 729 loca,
1238 653 1347 741 quae
1363 647 1472 744 sunt
1498 629 1555 716 ab
1582 630 1747 746 oppidis

127 763 307 853 remqts,
334 745 520 832 turribus
532 761 575 828 et
589 743 1150 848 munitionibusretinentur
1164 744 1289 942 qsi'cut
1310 745 1340 822 1)
1359 745 1408 829 in
1426 743 1563 842 Atura
1581 746 1746 849 rudere,

128 887 223 946 non
242 857 415 975 tegulis,
457 858 675 977 teguntur)
710 857 920 972 simulque
946 859 1001 946 in
1019 857 1090 943 ⁴his
1113 857 1167 942 ha
1199 876 1282 944 ent·
1298 855 1482 1056 qteculas
1508 876 1548 945 et
1575 877 1746 975 propter

130 973 396 1061 altitudinem
411 974 541 1090 longe
563 973 728 1088 lateque
747 975 1029 1088 prospiciunt·
1077 971 1185 1080 Item
1205 975 1305 1087 oppi
1334 1001 1455 1058 orum
1479 989 1632 1092 magna
1651 1005 1746 1089 pars

129 1094 218 1188 eius
238 1091 479 1202 provinciae
502 1090 715 1174 montibus
732 1089 820 1174 fere
834 1091 999 1174 munita
1020 1105 1061 1177 et
1083 1105 1232 1173 natura
1249 1085 1548 1176 excellentibus
1569 1091 1667 1176 locis
1686 1107 1747 1176 est

128 1203 366 1304 constituta,
395 1221 442 1287 ut
462 1203 589 1311 simul
611 1202 745 1290 aditus
766 1217 1037 1317 ascensusque
1052 1201 1202 1288 babeat
1215 1201 1411 1310 difficiles.
1469 1202 1532 1289 Ita
1547 1204 1600 1290 ab
1613 1225 1753 1320 oppa-³

127 1317 398 1435 guntionibus
419 1337 568 1404 natura
591 1316 670 1403 loci
689 1317 960 1436 distinemur,
995 1335 1041 1403 ut
1064 1319 1249 1402 civitates
1268 1315 1604 1432 Hispaniaenou
1627 1319 1747 1406 laoile

128 1435 182 1518 ab
205 1433 570 1546 bosteoapiantur.
627 1430 676 1516 Id
696 1432 812 1547 quod
832 1436 884 1518 in
900 1431 982 1516 ltoc
1001 1435 1173 1549 contigit
1194 1431 1314 1518 bello.
1372 1433 1483 1518 Nam
1504 1445 1601 1520 ‘cum
1617 1437 1650 1512 2)
1672 1438 1747 1521 fin-

26 1595 31 1604 ·
128 1567 194 1633 ter
214 1547 420 1660 Ateguam
442 1545 706 1647 et-chbim,
749 1576 858 1662 quae
878 1542 1030 1661 oppida
1049 1575 1174 1660 supra
1193 1565 1291 1633 sunt
1312 1549 1481 1661 scripta,
1524 1547 1746 1662 Pompeius

128 1661 277 1752 habult
297 1679 425 1746 eastra
438 1655 667 1747 eunetitnta
690 1665 735 1746 in
758 1680 979 1776 conspeetu
1000 1661 1181 1747 duorum
1204 1661 1474 1776 oppidorum,
1504 1661 1557 1770 ab
1575 1667 1660 1750 suis
1679 1693 1747 1750 oa·

11 1867 12 1870 g
106 1781 223 1862 ·stris
248 1779 413 1862 oirciten
442 1775 560 1876 milia
588 1803 785 1890 passuum
812 1775 907 1862 1111.
934 1791 1107 1894 gr'umus
1136 1796 1195 1862 est
1222 1774 1428 1863 excellens
1459 1795 1629 1879 natura,
1672 1781 1748 1891 qu'i

129 1889 363 2005 appellatur
375 1908 504 1976 castra
519 1891 805 1976 Postumianae
835 1892 896 1976 ibi
915 1892 1112 2005 praesidii
1131 1921 1251 1978 cansa
1274 1892 1486 1978 castellum
1502 1891 1653 1978 Caesar
1673 1890 1748 1978 ha·
1785 1893 1790 1912 '

129 2006 222 2093 buit
243 2008 533 2091 constitutum
557 2051 563 2062 ·
590 2005 714 2108 Quod
733 2009 765 2084 8)
787 2005 1025 2121 Pompeius,
1092 2005 1173 2090 uod
1193 2009 1227 2084 4)
1246 2006 1392 2092 eodem
1414 2010 1512 2123 iugo
1529 2003 1801 2205 tegebaturl)

130 2120 211 2206 looi
233 2138 380 2204 natura
403 2137 444 2204 et
462 2122 493 2198 ⁶)
513 2133 723 2206 remotum
740 2123 831 2206 erat
852 2151 875 2206 a
896 2123 1037 2206 castris
1055 2037 1259 2222 gesseris,
1288 2119 1576 2208 animadverte
1607 2140 1647 2209 at
1668 2123 1748 2209 loci

131 2233 414 2320 difficultatem
436 2251 492 2334 et,
521 2237 619 2348 quia
640 2233 870 2322 ortamine
890 2235 1003 2321 Salso
1023 2235 1390 2338 intercludebatur,
1419 2263 1509 2322 non
1530 2266 1615 2323 esse
1634 2266 1748 2323 com·-

130 2353 355 2434 missurum
378 2347 617 2450 Caesarem,
654 2365 699 2433 ut
727 2353 774 2435 in
803 2367 917 2436 tenta
946 2349 1025 2436 looi
1048 2349 1289 2460 difficultate
1309 2349 1361 2436 ad
1381 2349 1611 2438 subsidium
1635 2381 1749 2438 oom-

130 2461 386 2549 mittondum
406 2465 438 2540 7)
458 2489 502 2548 se
522 2467 723 2564 mitteret,
752 2467 809 2550 ita
830 2469 861 2543 8)
882 2464 1009 2550 fretus
1029 2468 1232 2578 opinione
1250 2469 1370 2550 tertia
1388 2465 1529 2583 vigilia
1544 2467 1749 2581 profectus

130 2572 601 2692 castellumloppugnare
615 2581 768 2692 eoepit,
789 2597 835 2663 ut
850 2578 1134 2664 liberantibus
1147 2591 1415 2664 succurreret.
1472 2581 1628 2682 Nostri,
1651 2610 1748 2668 cum

131 2697 553 2807 appropinquassent,
588 2693 769 2780 elamore
788 2696 1012 2810 repentino
1036 2693 1299 2808 telorumque
1323 2693 1594 2781 multitudine
1620 2699 1750 2782 iaetus

131 2809 276 2893 faeere·
294 2826 539 2920 coeperunt,
581 2811 645 2892 uti
673 2835 869 2925 magnam
897 2828 1059 2921 partem
1088 2809 1312 2894 hominum
1340 2809 1586 2896 vulneribus
1614 2807 1749 2896 affice-

131 2935 239 3008 rent.
273 2921 593 3033 [Quoperactm
621 2949 719 3008 cum
743 2954 794 3008 ex
815 2923 978 3010 castello
999 2939 1233 3043 repugnare
1254 2953 1326 3010 soe
1356 2927 1483 3010 issent
1504 2925 1750 3012 maioribus-

133 3065 216 3150 que
238 3039 272 3114 9)
298 3040 440 3122 oestuo
469 3035 636 3140 Caesari
663 3041 837 3124 nuntius
863 3058 965 3124 esset
991 3038 1154 3140 allatus,
1201 3068 1298 3125 cum
1326 2955 1401 3125 llt.
1431 3039 1664 3156 legionibus
1691 3059 1751 3126 est

132 3149 376 3265 proleotus3·
396 3167 436 3234 et
457 3150 627 3236 eumad
650 3147 1128 3268 eosappropinquass'et,
1163 3153 1259 3268 luga
1279 3157 1492 3269 perterriti
1512 3153 1750 3241 multisunt

132 3264 358 3366 interiecti,
392 3265 626 3379 complures
651 3271 780 3382 capti,
816 3271 863 3354 in
886 3264 1040 3381 quibus
1061 3268 1145 3354 duo
1163 3268 1223 3310 Μ
1244 3268 1368 3356 multi
1389 3286 1601 3382 praeterea
1622 3272 1751 3356 armis

135 3381 251 3465 exuti
271 3377 486 3494 fugerunt,
521 3408 702 3495 quornm
726 3399 838 3490 scuta
865 3399 963 3469 sunt
990 3382 1117 3470 relata
1146 3381 1329 3468 LXXX.
1386 3382 1633 3499 Insequenti
1660 3384 1752 3470 luce
1779 3389 1836 3477 ltt

132 3497 195 3580 Ar
222 3497 357 3580 uotiua
378 3491 429 3579 ex'
449 3489 568 3581 Italia
590 3525 687 3582 cum
709 3500 895 3611 equitatu
917 3501 1068 3584 venitz'
1094 3503 1130 3584 is
1149 3499 1619 3615 signasaguntinorum
1638 3519 1752 3586 retu-

126 3607 184 3722 lit
242 3669 270 3710 .,
300 3631 407 3722 quae
427 3609 479 3695 ab
493 3609 714 3726 oppidanis
727 3616 848 3725 cepit.
909 3613 994 3698 Suo
1017 3611 1104 3698 loco
1123 3616 1375 3728 praeteritus
1392 3633 1469 3715 est,
1499 3614 1611 3728 quod
1633 3619 1753 3728 equi·
1885 3667 1907 3705 ο
1966 3699 1972 3710 .

135 3742 196 3807 tes
215 3753 267 3807 ex
286 3721 404 3812 Italia
426 3751 522 3809 cum
543 3727 773 3840 Asprenate
802 3726 854 3812 ad
874 3726 1094 3813 Caesarem
1118 3729 1356 3814 venissent,
1405 3727 1464 3824 Ea
1487 3746 1608 3812 nocte
1629 3729 1753 3814 Pom-

165 3839 255 3924 eius
279 3856 408 3923 eastra
433 3867 511 3924 sua
533 3841 724 3943 incendit
754 3859 794 3926 et
820 3841 872 3930 ad
900 3840 1141 3928 Cordubam
1162 3870 1310 3950 ‚versus
1337 3845 1419 3928 iter
1446 3843 1580 3928 lacere
1607 3846 1754 3957 eoepit

134 3867 229 4038 Xer
248 3955 423 4040 nomine
444 3952 570 4057 Indo,
599 3959 790 4069 quicum
812 3959 1000 4070 equitatu
1021 3977 1113 4044 suas
1132 3959 1270 4070 copias
1291 3953 1529 4058 adduxerat,
1555 3955 1662 4044 dum
1681 3987 1754 4044 ou·

134 4067 275 4180 pidius
295 4096 447 4185 agmen
468 4067 799 4157 adversariorum
819 4075 911 4159 inse
976 4075 1067 4174 tur,
1093 4071 1366 4182 avernaeulis
1381 4073 1619 4190 legionariis
1634 4103 1754 4158 exce-

135 4199 233 4380 ptus
251 4199 312 4267 est
333 4201 376 4266 et
393 4183 645 4269 interfectus.
695 4184 884 4272 ¹Postero
933 4191 974 4272 ie
996 4189 1156 4299 equites
1175 4189 1307 4272 nostri
1334 4183 1496 4303 longius
1516 4187 1569 4273 ad
1591 4186 1753 4274 Cordu—
1780 4192 1835 4280 ll

167 4323 236 4380 em
257 4317 398 4382 versus
415 4303 621 4411 prosecuti
642 4318 740 4386 sunt
762 4329 849 4404 eos,
892 4304 967 4416 qui
987 4319 1242 4398 commeatus
1266 4299 1319 4388 ad
1339 4321 1469 4389 castra
1492 4302 1682 4417 Pompeii
1702 4333 1754 4389 ax

240 4551 262 4604 ¹³
278 4560 329 4637 et,
344 4549 430 4622 shut
478 4555 501 4608 ²³
518 4554 575 4631 ubi
625 4554 648 4606 ³)
664 4553 763 4634 utut
777 4579 844 4628 orn.
895 4561 918 4614 ⁴>
933 4560 990 4651 qui
1042 4561 1067 4614 ὓ)
1081 4568 1127 4645 et,
1140 4558 1229 4651 qood
1279 4561 1302 4613 ὓ)
1320 4557 1409 4653 qood
1458 4563 1482 4614 ἵ)
1499 4558 1755 4629 submittendum
1842 4595 1844 4606 ·

136 4652 159 4706 ⁸)
175 4653 334 4724 mitteret.
360 4655 437 4728 ‘Iste
486 4655 748 4748 ”etmsioribut
832 4723 835 4728 .
1214 4697 1219 4710 ·
