4450 5518
651 451 719 522 aa
744 448 905 522 annno
918 447 1255 522 ‚ermsursusr
1701 449 1801 540 1⁸„
1832 499 1840 514 „
1960 453 1976 476 ·

147 679 471 772 vociferantibus
489 680 745 800 legionariis,
774 706 872 774 aum
897 679 1034 766 locum
1062 676 1340 792 efflagitarent
1366 695 1415 763 ut
1441 681 1628 766 oouauati
1653 682 1768 771 inae-
1795 657 1799 668 ¹
1867 697 1874 710 ·

148 803 246 920 qui,
270 802 510 909 existimare
589 787 599 807 ’
681 793 716 876 ’1)
736 797 1014 913 paratissimos
1033 823 1121 882 esse
1141 792 1193 877 ad
1214 789 1517 892 dimicandum.
1573 797 1715 882 Nostri
1725 798 1766 876 2)

146 943 201 994 ex
216 913 372 1006 humili
381 911 533 1014 murel
585 913 695 994 hene
711 909 835 1024 longe
855 927 953 994 suut
973 912 1123 1022 egressi
1142 925 1185 990 et
1202 905 1378 1020 planitie
1397 911 1605 1022 iniquiori
1624 911 1656 988 3)
1678 910 1774 999 toea·

148 1025 435 1111 mussitarent.
491 1021 560 1106 Illi
581 1037 723 1106 tamen
745 1021 889 1134 prootd
911 1023 1040 1108 dubio
1061 1021 1113 1108 ad
1131 1019 1491 1134 oongrodiendum
1511 1026 1562 1108 in
1583 1053 1767 1138 aequum

147 1137 284 1224 lacum
307 1163 396 1222 nou
416 1152 515 1220 sunt
536 1137 627 1222 ausi
647 1131 898 1218 descendere
917 1151 1084 1250 praeter
1099 1161 1233 1240 unum
1250 1137 1477 1222 Antistium
1494 1138 1767 1254 Turpionem,

147 1255 223 1368 qui
249 1249 384 1338 fideus
410 1249 570 1335 viribus
597 1279 650 1334 ax
678 1247 925 1334 adversariis
955 1249 1036 1332 sibi
1070 1276 1216 1363 parem
1250 1275 1336 1334 esse
1364 1255 1585 1336 nemiuem
1610 1283 1634 1335 a
1664 1257 1767 1340 itare
1809 1345 1813 1356 ‚

147 1370 295 1483 eoepit.
353 1363 451 1466 Hie,
486 1381 533 1448 ut
558 1363 692 1450 iertur
720 1359 894 1446 Achillis
920 1361 1247 1474 Memnonisque
1272 1386 1530 1478 oougressus,
1572 1365 1623 1468 Q.
1635 1281 1768 1454 I'om-

179 1485 267 1568 eius
287 1481 434 1594 Niger,
525 1505 597 1562 uss
625 1477 841 1564 Romanus
867 1474 1113 1578 italicensis,
1150 1506 1204 1564 ex
1228 1479 1318 1562 aeia
1345 1497 1484 1564 nostra
1514 1477 1566 1562 ad
1594 1509 1768 1597 congre

147 1517 353 1683 diffidam
368 1619 608 1709 progressus
621 1592 665 1674 1).
710 1590 940 1692 Quoniam
961 1589 1148 1678 ferocitas
1164 1592 1325 1676 Antisti
1345 1595 1376 1672 ⁶)
1396 1595 1591 1680 omnium
1606 1613 1770 1684 mentes

148 1724 427 1810 converterat,
446 1709 500 1792 ab
521 1733 649 1822 opere
669 1703 721 1792 ad
740 1705 779 1788 s¹
810 1783 811 1787 Ν
839 1704 1013 1794 tandum
1036 1707 1143 1790 acies
1161 1722 1260 1790 sunt
1278 1705 1508 1824 dispositae.
1536 1773 1540 1781 .
1568 1711 1769 1798 Nemin-

147 1845 213 1912 ter
234 1824 451 1910 bellatores
498 1823 681 1936 riuoipas
702 1735 835 1908 dudi:
852 1839 939 1906 erat
959 1823 1091 1936 posita
1113 1822 1304 1922 victoria,
1336 1839 1383 1906 ut
1403 1825 1534 1938 prope
1554 1824 1770 1914 videretur

147 1941 279 2028 finem
307 1937 446 2024 bellan
476 1941 493 2021 i
519 1934 701 2020 duorum
728 1934 929 2019 dirimere
956 1961 1115 2050 pugna:
1151 1937 1209 2020 ita
1235 1938 1266 2012 6)
1293 1935 1410 2024 avidi
1428 1935 1569 2050 cupidi
1601 1965 1654 2024 ue
1674 1964 1771 2027 sua-

146 2084 248 2142 rum
280 2055 457 2166 quisque
488 2053 673 2167 partium
704 2051 892 2137 virorum
922 2051 953 2126 7)
984 2049 1281 2162 fautorumque
1309 2050 1557 2136 voluntash
1612 2052 1770 2142 abatur.

9 2237 11 2250 ,
150 2170 343 2272 Quorum
364 2171 519 2252 virtute
538 2163 681 2262 alacri,
709 2191 808 2248 eum
827 2163 881 2248 ad
904 2161 1196 2248 dimicandum
1213 2167 1260 2248 in
1277 2164 1498 2280 planitiem
1512 2195 1556 2252 sa
1571 2169 1771 2254 eontulis-

9 2301 10 2304 ‘
148 2303 261 2384 seut,
297 2282 613 2398 [scutorumque
637 2277 771 2364 laudis
802 2281 985 2390 insignia
1042 2277 1277 2392 raaiulgeus
1304 2309 1408 2416 opus
1432 2280 1641 2366 caelatum
1664 2311 1771 2396 quo·

149 2397 267 2514 rum]
288 2421 430 2512 pugna
451 2394 487 2472 8)
510 2411 613 2480 esset
641 2419 772 2590 prope
798 2393 981 2508 prolecto
1043 2395 1236 2592 'rempta,
1270 2397 1353 2480 nisa
1378 2412 1549 2509 propter
1577 2399 1770 2508 equitum

151 2511 400 2599 eonoursum
418 2511 470 2607 9),
506 2523 697 2624 utsupra
747 2510 1114 2606 amonstravaus,
1160 2535 1279 2590 evena
1301 2527 1559 2594 armaturam
1579 2514 1627 2589 10)
1647 2540 1774 2627 prae-

150 2627 249 2718 sidii
267 2653 388 2710 causa
408 2649 496 2708 nou
518 2619 641 2736 longe
663 2619 762 2706 abo
794 2649 863 2706 ere
891 2638 1120 2706 castrorum
1148 2623 1458 2708 eonstituisseut
1478 2624 1539 2706 11).
1605 2623 1664 2709 Vt
1691 2654 1770 2712 no·

122 2783 126 2802 ·
150 2760 255 2830 atros
275 2739 498 2852 equitesin
517 2754 720 2854 receptu,
777 2765 849 2822 um
871 2734 924 2820 ad
945 2754 1073 2820 castra
1095 2733 1291 2836 redeunt,
1334 2736 1561 2822 adversarii
1579 2739 1770 2856 cupidius

151 2873 248 2944 sunt
268 2855 464 2951 insecuti,
485 2853 686 2936 :universi
711 2850 894 2937 clamore
920 2849 1026 2934 facto
1053 2853 1261 2966 impetum
1279 2849 1507 2942 dederunt.
1534 2921 1536 2930 .
1571 2850 1633 2938 Ite
1654 2873 1772 2942 metu

129 3013 138 3025 ·
181 2971 381 3067 erterriti,
424 2993 520 3066 eum
542 2968 589 3051 in
610 2966 707 3079 Iuga
730 2982 881 3064 essent,
922 2963 1064 3048 multis
1085 2967 1313 3050 amissieiu
1334 2983 1467 3054 caetra
1484 2995 1528 3050 se
1547 2971 1770 3085 recipiunt.

150 3007 306 3172 gessar
329 3082 397 3166 ob·
413 3084 612 3168 virtutem
639 3097 802 3164 turmae
822 3078 1043 3164 Cassianae
1069 3077 1254 3163 donavit
1269 3078 1387 3174 milia
1407 3078 1528 3164 XIII.
1549 3085 1770 3199 at-praeie-
1794 3093 1855 3180 26

152 3217 217 3289 cto
237 3211 406 3310 torques
426 3223 572 3280 aureos
586 3193 640 3279 V:
657 3211 699 3278 et
719 3193 803 3278 levi
822 3211 1058 3279 armaturae
1078 3191 1195 3276 milia
1210 3193 1283 3278 CC
1302 3197 1361 3278 12).
1419 3192 1509 3278 Hoc
1521 3193 1590 3278 dia
1605 3199 1654 3281 A.
1667 3197 1772 3284 Bae-
1885 3263 1894 3282 .

121 3403 126 3428 ,
152 3318 247 3402 hius
266 3330 307 3398 et
328 3311 373 3394 C.
387 3307 564 3400 Flavius
575 3327 618 3392 et
636 3309 683 3392 A.
697 3307 1134 3419 Trebellius,'equites
1155 3307 1340 3392 Romani
1362 3308 1569 3410 Astensas,
1598 3334 1771 3427 argento

151 3459 284 3548 prope
303 3425 401 3510 tacti
421 3451 550 3536 equos
568 3425 617 3502 11)
639 3421 690 3506 ad
705 3421 925 3508 Caesarem
946 3421 1268 3536 transfugerunt,
1296 3425 1371 3536 qui
1392 3426 1701 3512 nuntiaverunt
1723 3431 1771 3508 11)

151 3547 312 3658 equites
330 3539 542 3642 Romanos
563 3540 800 3622 eoelurtisse
821 3545 985 3636 omnes,
1014 3539 1089 3647 qui
1110 3540 1156 3630 tu
1180 3539 1321 3620 castris
1341 3536 1531 3652 Pompeii
1551 3560 1698 3644 esseut,
1725 3560 1772 3626 ut

152 3659 445 3744 transitionem
466 3651 667 3738 Iacerent:
708 3651 819 3734 servi
845 3650 1017 3741 indicio¹
1031 3678 1180 3734 omnes
1200 3652 1247 3735 in
1271 3649 1499 3734 custodiam
1525 3681 1610 3736 esse
1629 3658 1772 3739 conie-

152 3793 255 3872 ctos,
285 3768 483 3880 equibus
502 3768 717 3852 ocoasione
736 3781 854 3880 capta
875 3793 920 3848 se
942 3763 1217 3878 transfugisse.
1274 3763 1382 3848 Item
1409 3763 1487 3848 hoc
1512 3762 1582 3850 die
1610 3767 1772 3854 litterae

111 3932 116 3946 =
147 3905 250 3974 suut
268 3881 570 3999 deprehensae,
594 3907 701 3993 quas
724 3877 917 3988 mittebat
937 3878 1119 3964 Saouem
1139 3879 1188 3956 15)
1209 3877 1288 3962 Cu.
1301 3877 1541 3994 Pompeius:
1570 3879 1618 3966 S.
1640 3886 1694 3968 V.
1714 3885 1769 3970 G.

152 4007 209 4090 lt.
230 4003 284 4088 V.
329 4001 445 4103 Eat,
474 4007 606 4111 prout
626 4005 774 4080 nostra
791 3994 977 4107 felicitas
982 4055 999 4099 ,
1037 3999 1320 4078 carnulentia
1344 3996 1614 4082 adversarior
1632 4002 1773 4102 adhue

150 4117 376 4232 propulsos
391 4113 604 4216 dabamus,
617 4120 773 4216 tumen,
785 4113 825 4192 ai
836 4139 972 4225 aequo
989 4111 1084 4194 loeo
1099 4113 1426 4222 suipotestutem
1437 4110 1647 4223 suammet,
1666 4119 1773 4198 aeta·

104 4395 109 4404 ’
256 4403 276 4454 1)
294 4375 488 4492 poematia
538 4397 562 4450 ²³
578 4393 812 4477 dimicandum,
829 4393 934 4464 noant
984 4393 1007 4446 ³)
1024 4391 1187 4484 iniquiore
1236 4396 1260 4450 ⁴>
1278 4415 1471 4485 progressus
1489 4406 1550 4463 ast.
1601 4397 1774 4468 ⁸lintistii

152 4502 403 4596 opugnans
465 4499 517 4554 'l'
538 4507 751 4588 expertorum
771 4498 919 4566 virorum
975 4497 1000 4550 ⁸)
1015 4495 1243 4580 eontulissent,
1260 4507 1494 4587 mutam-qna
1512 4495 1620 4568 laudis
1637 4500 1774 4592 insignis

152 4605 461 4702 pnaiulgsmopnr
472 4599 803 4693 uolutamqaorma
816 4600 830 4636 ’
844 4621 959 4690 pugna
995 4598 1019 4652 ’l
1034 4599 1252 4670 'eoum
1296 4599 1606 4672 ”tumemus
1648 4603 1775 4674 raters-

153 4711 289 4782 rtitirrat
339 4706 373 4760 ¹²>
386 4705 434 4774 X.
484 4705 519 4758 ¹⁸³
534 4702 664 4794 equites
714 4703 965 4772 metretarum
1015 4701 1050 4756 ¹¹>
1063 4699 1247 4774 Uram
