4450 5518
454 446 524 522 10
858 519 864 528 ,
963 435 1001 494 ·ἷ“
1033 433 1455 514 'oonnnnnsntvs
1555 451 1557 458 '

456 663 1018 788 circummunireinstituit.¹
1047 675 1149 758 :Paci
1171 691 1316 758 autent·
1329 692 1371 758 et
1383 673 1518 760 celeri
1538 673 1802 760 festinatione
1816 661 2077 760 einamma-

376 837 387 850 ·
457 795 639 878 sitiones
658 795 755 904 iugo
780 793 807 867 1)
826 789 1032 904 dirigunt,
1061 775 1106 872 u't
1128 817 1260 901 aequo
1278 788 1491 902 pedecum
1506 788 1752 898 adversariis
1766 790 1963 908 oon'gredi
1978 819 2075 903 pos-

455 925 584 990 sent·
620 906 829 1016 Aquibus
847 903 1303 1016 cum'animadversum
1327 921 1447 1004 esset,
1492 901 1587 1018 luga
1613 905 1694 988 sibi
1722 905 1976 1016 praesidium
2005 933 2076 988 ea-

374 1025 432 1111 39
457 1025 592 1132 piunt.
649 1020 888 1130 Pompeius,¹
909 1033 972 1102 'ut
993 1045 1115 1128 supra
1137 1017 1533 1129 demonstravimus,
1568 1022 1729 1102 saucius
1750 1037 1791 1103 et
1812 1023 1968 1104 intorto
1990 1019 2075 1104 talo

292 1141 297 1147 ’
457 1134 611 1220 ideirco
638 1133 877 1217 tardabatur
904 1133 956 1216 ad
986 1131 1232 1245 fugiendum¹
1259 1137 1456 1246 'itemque
1485 1150 1656 1244 propter
1685 1133 1762 1216 loci
1788 1132 2075 1242 difficultatem

459 1275 597 1360 neque
625 1241 738 1361 equo¹
763 1274 902 1359 neque
924 1247 1120 1360 ‘vehiculo
1153 1247 1274 1330 saluti
1306 1275 1404 1330 suae
1441 1247 1693 1360 praesidium
1724 1274 1874 1357 parare
1902 1265 2076 1360 poterat.

457 1363 612 1452 Caedes
634 1391 657 1444 a
679 1364 829 1447 nostris
850 1349 1040 1472 undique
1060 1361 1436 1460 administrabatur.
1496 1359 1672 1446 Exclusa
1681 1347 1926 1446 'munitione
1947 1365 2077 1446 amis-

456 1480 593 1589 sisque
614 1476 780 1558 auxiliis
807 1474 860 1558 ad
881 1474 1123 1561 convallem
1150 1493 1274 1587 atque
1293 1477 1324 1552 2)
1351 1503 1522 1557 exesum
1545 1473 1682 1558 locum
1701 1479 1734 1554 3)
1759 1479 1807 1560 in
1830 1476 2076 1589 speluncam

457 1591 679 1704 Pompeius
698 1619 741 1673 se
762 1581 965 1674 occultare
986 1591 1131 1701 coepit,
1160 1609 1206 1672 ut
1227 1619 1250 1672 a
1271 1593 1421 1672 nostris
1444 1607 1532 1672 non
1552 1589 1670 1672 facile
1691 1594 1968 1692 inveniretur,
1990 1594 2078 1676 uisi
2207 1675 2208 1700 ,

457 1709 717 1817 captivorum
739 1705 908 1788 indicio.
966 1703 1029 1790 Ita
1057 1707 1120 1787 ibi
1146 1703 1404 1788 interficitur.
1462 1703 1574 1788 Cum
1597 1703 1748 1788 Caesar
1768 1705 1954 1789 Gadibus
1972 1705 2078 1789 luis-

457 1839 536 1921 set,
569 1816 772 1930 Hispalim
794 1817 930 1930 pridie
958 1818 1055 1902 Idus
1087 1817 1241 1930 Aprilis
1268 1835 1389 1928 caput
1413 1816 1583 1901 allatum
1614 1836 1654 1900 et
1673 1819 1827 1930 populo
1848 1818 1990 1904 datum
2015 1837 2077 1904 est

376 1931 435 2018 4⁰
459 1937 507 2020 in
535 1951 756 2043 conspeetu
780 1934 822 2016 4).
888 1931 1110 2016 Interfecto
1138 1933 1217 2015 Cn.
1236 1931 1720 2044 Pompeio-adolescente
1737 1933 1905 2042 Didius,
1943 1961 2074 2045 quem

459 2075 583 2160 supra
611 2047 1005 2147 demonstravimus,
1049 2047 1118 2128 illa
1149 2043 1324 2128 'affectus
1355 2045 1506 2126 laetitia
1533 2049 1728 2156 proximo
1754 2075 1798 2128 se
1823 2051 1979 2160 recepit
2006 2079 2077 2132 ca-

457 2163 573 2246 stello
603 2160 912 2272 nonnullasque
941 2175 1066 2243 naves
1096 2157 1148 2242 ad
1177 2157 1449 2242 reficiendum
1473 2158 1681 2243 subduxit.
1754 2159 1961 2260 Lusitani,
1997 2169 2076 2276 qni

461 2307 513 2361 ex
542 2303 682 2392 pugna
709 2277 1022 2387 superfuerunt,
1080 2273 1132 2356 ad
1164 2277 1330 2384 signum
1365 2281 1408 2354 s'e
1441 2291 1690 2382 receperunt
1719 2291 1759 2356 et
1784 2275 1894 2358 bene
1920 2303 2076 2390 magna

460 2419 592 2474 manu
614 2390 853 2501 comparata
872 2386 923 2472 ad
940 2387 1116 2470 Didiunt
1135 2416 1178 2470 sc
1197 2403 1425 2497 reportant.
1480 2385 1590 2468 Huic
1611 2390 1685 2471 etsi
1707 2415 1795 2470 non
1815 2390 1957 2474 aberat
1979 2391 2078 2478 dili·
2208 2423 2209 2444 ¹

458 2508 599 2626 gentia
627 2504 680 2592 ad
709 2533 834 2588 naves
862 2501 1055 2601 tuendas,
1112 2521 1254 2584 tamen
1293 2527 1605 2610 nonnunquam
1639 2531 1690 2584 ex
1716 2503 1878 2586 castello
1905 2525 2079 2617 propter

462 2648 607 2706 eorum
630 2617 792 2704 crebras
812 2618 1075 2702 excursiones
1094 2615 1345 2713 eliciebatur,
1376 2632 1417 2697 et
1436 2617 1494 2696 sic
1509 2643 1639 2726 prope
1653 2615 1907 2726 quotidianis
1922 2627 2079 2734 pugnis

459 2733 634 2820 insidias
655 2751 820 2845 ponunt
841 2751 881 2816 et
902 2733 1109 2842 tripartito
1128 2733 1246 2843 signa
1268 2728 1534 2840 distribuunt.
1596 2728 1729 2814 Erant
1748 2736 1883 2843 parati
1904 2740 1980 2846 qui
1999 2725 2100 2821 na-'

463 2879 533 2934 ves
554 2847 843 2947 incenderent,
859 2848 1124 2954 incensisque
1136 2847 1212 2956 qui
1228 2841 1481 2956 praesidium
1495 2844 1526 2919 ⁵)
1546 2862 1784 2956 repeterent
1803 2849 1847 2947 6),
1868 2850 1901 2931 ii
1921 2851 1979 2933 sic
1992 2848 2078 2936 dis-

461 2965 585 3076 positi
608 2979 744 3061 erant‚
782 2978 829 3044 ut
855 2991 880 3046 a
909 2958 1025 3044 nullo
1047 2976 1268 3070 conspectu
1289 2961 1319 3034 ⁷)
1346 2961 1544 3041 omnium
1567 2956 1620 3041 ad
1638 2986 1824 3073 pugnarn
1848 2964 2079 3051 contende-

461 3096 569 3176 rent.
627 3076 688 3160 Ita
717 3104 814 3158 cum
846 3105 903 3184 ex¹
924 3071 1086 3158 castello
1102 3073 1259 3186 Didius
1284 3070 1335 3156 ad
1360 3071 1680 3184 propellendum
1704 3078 1958 3186 processisset
1977 3107 2076 3166 cum

463 3193 568 3304 copi*
592 3269 601 3292 ,
630 3195 796 3304 signum
817 3219 841 3274 a
861 3190 1071 3274 Lusitanis
1092 3188 1261 3286 tollitur,
1288 3215 1414 3270 naves
1434 3186 1741 3288 incenduntur3
1769 3190 1980 3303 simulque
2000 3199 2079 3308 qui

462 3311 510 3390 in
531 3305 696 3390 castello
719 3303 775 3389 'ad
796 3331 982 3416 pugnam
1010 3318 1308 3414 processerant,
1335 3300 1492 3414 ⁶endam
1519 3304 1637 3415 signo
1665 3301 1868 3416 fugientes
1897 3305 2079 3396 latrones

462 3421 565 3504 dum
586 3437 915 3532 persequuntur,
951 3449 975 3502 a
1004 3435 1118 3531 tergo
1144 3415 1323 3501 insidiae
1345 3413 1526 3498 clamore
1545 3415 1705 3500 sublato
1726 3419 2079 3510 circumveniunt.

464 3534 616 3620 Didius
643 3561 795 3648 magna
823 3561 920 3616 cum
949 3533 1109 3638 virtute·
1131 3559 1228 3614 cum
1256 3528 1539 3640 compluribus
1567 3529 1834 3634 interficitur3
1877 3538 2078 3626 nonnulli

464 3681 512 3734 aa
534 3677 674 3764 pugna
693 3648 880 3761 scaphas,
918 3675 1027 3758 quae
1046 3644 1214 3730 adlisus
1236 3645 1420 3744 lucrant,
1455 3663 1677 3756 occupant;
1719 3648 1822 3729 item
1843 3649 2079 3762 complures

464 3764 608 3852 nando
627 3764 679 3848 ad
701 3793 840 3863 naves,
859 3762 1034 3875 quaein
1055 3760 1139 3844 salo
1162 3759 1349 3858 fuerunt,
1376 3787 1419 3840 se
1434 3761 1679 3870 recipiunt·
1713 3755 2078 3852 Ancborissubla-

463 3873 524 3964 tis¹
544 3878 711 3994 pelagus
738 3881 865 3963 remis
892 3893 1032 3988 petere
1060 3891 1307 3986 coeperunt;
1358 3901 1467 3986 quae
1494 3899 1559 3955 res
1584 3897 1731 3958 eorum
1759 3876 1868 3958 vitae
1894 3879 2077 3968 subsidio

464 3995 558 4098 fuit,
613 3994 802 4078 Lusitani
822 3989 974 4103 praeda
995 3991 1223 4100 potiuntur.
1283 3983 1434 4070 Caesar
1447 3985 1633 4070 Gadibus
1646 4013 1785 4070 rursus
1805 3989 1856 4073 ad
1873 3989 2079 4105 Hispalim

382 4125 436 4214 41
464 4111 653 4210 recurrit
711 4107 864 4190 Fabius
893 4105 1120 4203 Maximus,
1156 4129 1284 4215 quem
1305 4103 1336 4179 8)
1365 4099 1415 4183 ad
1438 4100 1641 4184 lllundam
1668 4103 1923 4211 praesidium
1942 4136 1998 4220 op
2027 4139 2078 4196 u..

462 4221 681 4342 gnandum
700 4221 939 4334 reliquerat,
968 4217 1163 4332 operibus
1181 4214 1350 4304 assiduis
1362 4213 1497 4298 hostes
1510 4217 1803 4329 circumsepsit.
1859 4137 2080 4314 Interclusi

546 4445 550 4456 ι
568 4495 590 4564 ¹),
607 4492 639 4560 in
659 4491 739 4579 iugo
789 4487 1129 4569 ²>administrabam
1149 4485 1281 4553 exclusa
1294 4483 1486 4566 munitione,
1501 4483 1689 4584 amissisque
1702 4485 1843 4556 auxiliis.
1882 4485 2080 4560 Adeanral.

465 4597 655 4670 lamentam
669 4604 773 4682 atque,
825 4593 852 4643 ³²
865 4592 986 4676 locum,
1000 4601 1038 4658 ut
1092 4593 1342 4678 lletrnspeotu·
1400 4588 1423 4641 ⁵)
1439 4581 1619 4688 subsidium
1642 4621 1647 4630 ·
1668 4587 1690 4639 θ)
1708 4597 1914 4688 repeterents
1959 4593 1983 4658 7,)
1997 4613 2079 4663 aaa.

463 4693 579 4792 specti
617 4695 843 4785 8lquetnipse
1416 4726 1434 4736 .,
1466 4719 1470 4733 ·
1533 4703 1547 4720 ··
1586 4705 1591 4718 ·
1821 4703 1826 4715 ·
