4450 5518
607 1383 1345 1506 COMMENTARIVS

935 1637 1020 1698 n
1548 1691 1554 1698 .

226 1737 230 1746 ⁵
413 1759 735 1902 nunno
820 1739 1541 1908 nrsrnn1nnsn

826 2079 1125 2092 m

164 2245 717 2398 PHARNACEsuperato,
739 2284 879 2370 Africa
892 2303 1078 2400 recepta,
1098 2290 1174 2400 qui
1187 2318 1239 2378 ex
1254 2287 1319 2375 his
1341 2292 1370 2366 1)
1391 2288 1561 2402 proellis
1574 2315 1672 2375 cum
1686 2287 1785 2376 ado-
1813 2285 1837 2373 l

165 2401 346 2487 lesoente
365 2397 446 2486 Cn.
466 2396 665 2513 Pompeio
687 2399 983 2516 profugissent,
1016 2413 1112 2486 curn
1135 2419 1175 2487 et
1194 2403 1406 2488 ulterioris
1426 2401 1656 2514 Hispaniae
1676 2407 1786 2518 poti-

166 2535 231 2602 tus
253 2532 373 2615 esset,
406 2512 511 2598 dum
531 2512 683 2600 Caesar
704 2511 953 2600 muneribus
973 2511 1123 2605 dandis
1142 2519 1191 2600 in
1215 2515 1334 2602 Italia
1354 2515 1585 2618 detinetur,
1620 2545 1705 2630 quo
1725 2519 1788 2606 fa·

164 2630 286 2716 'cilius
305 2627 513 2743 praesidia
534 2645 678 2714 contra
697 2647 863 2742 pararet
884 2631 915 2706 2)
941 2626 1184 2742 Pompeius,
1225 2633 1275 2717 in
1303 2627 1428 2714 fidem
1458 2625 1785 2745 uniuscuiusque
1835 2629 1842 2638 ’

152 2747 343 2830 ‘civitatis
356 2742 578 2860 confligere
593 2747 739 2857 coepit.
789 2741 852 2830 Ita
866 2745 1021 2857 partim
1035 2745 1239 2857 precibus,
1260 2747 1414 2858 partim
1429 2747 1486 2847 vi,
1506 2743 1616 2830 bene
1631 2773 1786 2864 magua

165 2877 402 2972 comparata
421 2885 553 2944 manu
573 2861 837 2973 provinciam
858 2876 1029 2944 vastare.
1087 2859 1251 2962 Quibus
1269 2864 1316 2945 in
1331 2858 1455 2945 rebus
1470 2859 1704 2946 nonnullae
1725 2863 1784 2947 ci·

165 2977 312 3060 vitatos
338 2979 411 3058 sua
437 2991 586 3088 sponte
615 2973 771 3060 auxilia
800 2973 1043 3073 mittebant,
1079 2977 1183 3080 item
1211 2973 1445 3060 nonnullae
1473 2993 1610 3088 portas
1633 2985 1787 3063 'eontra

167 3087 415 3176 claudebant
433 3091 485 3200 θὶς
516 3087 740 3202 exquibus
759 3090 795 3172 si
814 3116 898 3201 qua
919 3086 1072 3202 oppida
1095 3091 1139 3174 vi
1159 3108 1341 3203 ceperat,
1370 3116 1466 3173 cum
1490 3088 1640 3202 aliquis
1661 3118 1798 3176 exea·

166 3206 377 3290 civitatee
408 3205 510 3291 time
530 3202 582 3287 de
604 3201 682 3288 C'n.
701 3201 805 3288 Pom
836 3204 901 3288 eio
924 3205 1097 3288 meritus
1118 3207 1219 3289 civis
1239 3221 1359 3302 esset,
1389 3228 1464 3314 pro
1496 3219 1559 3288 ter
1579 3205 1784 3316 pecuniae

167 3320 359 3433 magnitu
392 3321 505 3402 'uem
526 3315 666 3429 aliqua
687 3320 728 3402 ei
746 3231 1007 3404 inddrcbatur
1026 3333 1167 3420 causa,
1196 3335 1242 3402 ut
1257 3347 1305 3402 eo
1318 3315 1372 3402 de
1389 3345 1433 3401 m
1487 3320 1529 3402 io
1548 3316 1712 3404 sublato
1729 3348 1782 3404 ex

159 3434 257 3520 eius
273 3435 452 3545 pecunia
474 3431 685 3520 latronum
707 3431 870 3548 largitio
890 3429 1017 3518 lieret
1075 3429 1139 3519 Ita
1152 3433 1293 3547 paucis
1313 3431 1543 3518 commodis
1555 3429 1671 3517 hoste
1685 3431 1784 3519 bor-

166 3565 252 3634 tato
279 3549 457 3644 maiorer
485 3547 744 3664 augebantur
771 3549 926 3661 copiae.
998 3543 1088 3632 Hoc
1112 3547 1144 3646 ll
1170 3545 1326 3634 crebris
1347 3549 1516 3660 nuntiis
1541 3547 1589 3630 in
1618 3543 1803 3637 Italiam.

167 3665 302 3748 missis
330 3664 515 3748 civitates
539 3664 772 3750 contrariae
794 3660 992 3775 Pompeio
1014 3661 1170 3748 auxilia
1189 3663 1269 3748 sibi
1289 3658 1617 3774 depostulabant
1647 3731 1652 3744 .
1675 3657 1782 3745 Ca'e-
1806 3665 1838 3754 2

166 3805 234 3864 aar
250 3777 302 3877 ⁵),
330 3776 506 3866 dictator
520 3780 662 3879 tertio,
688 3776 923 3893 designatus
937 3775 1082 3862 consul
1101 3780 1132 3854 6)
1154 3795 1318 3890 quarto,
1347 3774 1491 3868 multis
1509 3777 1610 3860 item
1630 3777 1662 3852 ⁷)
1683 3789 1783 3864 ante

167 3891 381 3998 confectis,
416 3909 513 3978 cum
533 3891 658 3980 celeri
677 3892 944 3980 festinatione
964 3889 1124 3976 bellum
1144 3889 1395 3977 conficiendi
1414 3893 1444 3966 8)
1464 3891 1512 3974 in
1534 3887 1783 4001 Hispaniam

167 4033 264 4092 cum
285 4009 317 4086 9)
339 4010 533 4108 venisset,
563 4006 769 4128 legatique
790 4009 840 4088 10)
860 4003 1166 4106 Cordubenses,
1197 4007 1271 4120 qui
1292 4003 1409 4092 aCn.
1423 4002 1623 4116 Pompeio
1634 4003 1783 4090 disces-

152 4125 313 4207 sissent
332 4126 401 4224 ¹¹),
442 4119 608 4208 Caesari
635 4124 804 4209 obviam
832 4123 1135 4221 venissent12),
1172 4150 1195 4205 a
1223 4119 1376 4234 quibus
1403 4119 1680 4204 nuntiabatur
1701 4145 1786 4203 no-

167 4253 317 4322 cturno
336 4255 523 4354 tempore
541 4237 743 4352 oppidum
759 4234 1002 4322 Cordubam
1016 4237 1109 4350 capi
1123 4262 1251 4348 posse,
1279 4231 1392 4352 quod
1413 4232 1784 4348 necopinantibus
1810 4229 1813 4240 ‘
1840 4317 1843 4324 .

271 4493 292 4544 Ι)
315 4493 355 4560 in
418 4497 441 4548 θ)
462 4465 671 4586 comprimet
733 4498 755 4547 ³¹
777 4451 956 4565 eludebant
1007 4458 1107 4570 ,nob
1124 4492 1187 4560 boc
1251 4492 1477 4560 *acosma
1541 4491 1564 4544 θ)
1584 4487 1698 4568 consul
1717 4437 1785 4556 om.

167 4598 189 4648 ⁷)
213 4595 384 4666 itineribus
432 4600 470 4678 at
492 4598 534 4668 ad
555 4599 676 4670 bellum
697 4597 939 4668 conficiendum
1002 4595 1025 4648 ⁹)
1049 4618 1126 4665 oum
1143 4618 1209 4664 om.
1276 4595 1309 4646 ¹⁰³
1336 4592 1438 4682 legati
1511 4591 1545 4650 ¹¹.)
1571 4591 1787 4666 direuutant

170 4699 203 4750 ¹²¹
228 4697 362 4766 veniunt
725 4713 730 4722 '

1363 4807 1380 4868 1
1415 4827 1419 4836 ,
