4450 5518
298 405 308 430 .
380 321 386 330 ’
451 377 496 462 q
545 407 547 412 ,
995 397 1001 406 ·
1076 371 1465 474 concinnamus.
1574 399 1578 402 -

451 602 606 718 oppido
621 601 874 716 portabant?
914 599 979 686 Ex
999 599 1063 685 his
1086 605 1121 679 1)
1136 603 1245 714 capti
1266 600 1312 686 L.
1331 601 1652 688 cumiumcntis
1672 595 1724 684 ad
1745 617 1886 684 nostra
1907 597 2076 688 adducti

451 735 550 822 sunt
574 711 717 804 cattia.
791 711 951 800 Eodem
981 713 1050 800 die
1078 713 1129 818 Q.
1151 717 1348 818 Marcius,
1392 716 1587 802 tribunus
1615 713 1799 802 militurn
1830 716 1918 827 qui
1933 714 2075 800 luisset

369 939 373 944 Ι
451 833 654 944 Pompeii,
684 829 735 918 ad
752 859 828 916 nos
842 829 1061 945 transfugit
1068 858 1095 936 33
1112 849 1152 914 ει
1173 833 1305 916 noctis
1321 835 1447 919 'tertia
1462 829 1605 946 vigilia
1620 833 1672 934 in
1693 828 2073 942 oppidoacerrime

320 973 335 996 .
423 943 686 1062 'pugnaturn
713 965 791 1048 est,
827 948 1056 1060 ignemque
1086 943 1268 1048 multum
1295 949 1520 1044 miserunt,
1553 947 1863 1030 unctuosum
1918 947 2072 1030 enua3)

451 1065 658 1176 ignisjper
676 1064 805 1146 iactus
825 1059 968 1146 solitus
990 1077 1049 1144 est
1067 1063 1193 1146 mitti.
1262 1059 1354 1144 Hoc
1373 1063 1405 1139 4)
1422 1062 1655 1172 praeterito
1674 1074 1866 1172 tempore*
1889 971 1935 1147 id.
1955 1059 2075 1146 Fun-

452 1177 637 1277 danius,
655 1203 780 1290 eques
809 1175 1040 1276 Romanus,
1079 1201 1130 1258 ux
1151 1177 1290 1262 nastris
1312 1173 1648 1260 adversariorum
1669 1172 1722 1259 ad
1742 1202 1818 1260 nos
1840 1173 2072 1291 transfugit.

372 1282 427 1370 12
451 1291 620 1378 Postero
645 1290 714 1392 die
743 1319 795 1374 ex
823 1289 986 1404 legione
1013 1289 1237 1374 vernacula
1266 1289 1420 1375 milites
1440 1292 1670 1403 sunt-capti
1690 1289 1742 1374 ab
1765 1285 1979 1402 equitibus
1994 1299 2074 1374 ιιο-Ι

450 1409 543 1508 stris
565 1405 637 1504 11„
673 1407 747 1518 qni
769 1404 968 1506 dixerunt
987 1433 1031 1489 se
1051 1432 1190 1490 servos
1205 1434 1307 1489 »esse
1368 1403 1481 1490 Cum
1503 1409 1720 1508 venirent,
1756 1406 1912 1518 cogniti
1931 1421 2072 1508 sunta

450 1521 683 1624 militibus,
698 1515 916 1632 qui-antea
939 1548 1034 1612 cum
1052 1517 1181 1610 Fabio
1202 1537 1242 1602 et
1263 1517 1390 1604 Pedio
1408 1518 1582 1606 fuerant
1596 1537 1639 1604 ‘et
1659 1519 1915 1622 a'lrebonio
1934 1538 2072 1604 trans-

450 1631 654 1748 fugerant.
721 1625 792 1720 Eis
812 1633 865 1718 ad
885 1633 1187 1749 ignoscendum
1209 1633 1325 1720 nulla
1348 1633 1520 1722 facultas
1538 1651 1596 1720 est
1618 1633 1712 1720 data
1731 1636 1781 1733 5),
1815 1651 1859 1718 ει
1879 1663 1902 1738 a
1925 1634 2073 1720 militi-

449 1751 699 1852 husnostris
718 1749 928 1835 interfecti
948 1759 1057 1834 su'nt.
1115 1749 1234 1836 Idem
1250 1752 1449 1862 temporis
1462 1753 1571 1863 capti
1585 1747 1817 1850 tabellarii,
1838 1751 1913 1861 qui
1928 1778 1951 1834 a
1966 1749 2073 1852 Cor-

306 1969 310 1974 ,
449 1861 560 1962 duba
582 1863 633 1950 ad
657 1863 905 1976 Pompeium
926 1867 1041 1950 missi
1062 1863 1183 1950 erant
1204 1863 1583 1977 perperamquead
1605 1881 1745 1976 nostra
1767 1855 1896 1964 ca'stra
1912 1867 1947 1943 6)
1969 1891 2072 1976 ‘per-

450 1997 657 2065 venerant
676 1981 724 2062 7);
789 1981 956 2064 raecisis
984 1981 1179 2064 manibus
1203 1982 1318 2064 missi
1345 1997 1444 2064 sunt
1470 1979 1578 2064 facti.
1644 1977 1741 2080 Puri
1767 1979 2071 2066 consuetudine

448 2093 592 2208 vigilia
620 2009 801 2180 secundi
831 2123 882 2179 ex
909 2095 1064 2205 oppido
1090 2095 1235 2208 iguem
1251 2093 1446 2180 multum
1467 2093 1730 2207 telorumque
1749 2091 2070 2196 multitudinem

448 2207 641 2306 iactando
663 2209 772 2292 bene
795 2233 997 2325 magnum
1022 2226 1185 2321 tempus
1210 2227 1559 2320 consumpserunt
1581 2206 1898 2321 compluresque
1919 2208 2071 2293 vulne-

448 2323 565 2410 ribus
588 2321 830 2408 affecerunt.
888 2323 1115 2407 Praeterito
1143 2327 1274 2408 noctis
1302 2341 1490 2435 tempore
1518 2327 1784 2441 eruptionem
1804 2321 1866 2422 ‘ad
1881 2325 1912 2401 8)
1940 2321 2069 2438 legio-

313 2475 319 2488 ·
448 2465 551 2522 uem
569 2455 728 2522 sextam
748 2436 950 2537 lecerunt,
980 2465 1076 2522 cum
1097 2440 1145 2524 in
1167 2466 1294 2550 opere
1313 2437 1641 2522 nostridistenti
1659 2455 1804 2538 essent,
1833 2441 2070 2552 acriterque

400 2611 424 2644 -,
447 2579 636 2666 pugnare
658 2563 884 2666 coeperunt
891 2580 902 2654 ;
941 2556 1206 2664 quorumvis
1227 2577 1410 2665 repressa
1431 2581 1454 2638 a
1478 2556 1646 2655 nostris,
1683 2556 1759 2642 etsi
1777 2551 1981 2666 oppidani
1991 2581 2068 2638 su-

446 2667 727 2780 perioreloco
755 2665 1100 2752 defendebantur.
1177 2665 1216 2752 Ii
1245 2697 1342 2752 cnm
1371 2671 1635 2781 eruptionem
1664 2668 1799 2752 lacere
1825 2667 2069 2780 coepissent,

446 2799 592 2870 tamen
619 2784 773 2880 virtute
801 2780 985 2865 militum
1013 2801 1270 2884 nostrorum,
1313 2785 1388 2896 qui
1407 2787 1437 2860 9)
1466 2785 1541 2884 etsi
1562 2776 1763 2885 inferiore
1790 2781 1879 2868 loco
1930 2809 2069 2884 rome-

447 2895 622 2996 bantur,
666 2914 808 2980 tamen
836 2894 992 3007 repulsi
1016 2895 1245 2984 adversarii
1273 2897 1382 2982 bene
1410 2895 1823 2998 multis-vulneribus
1852 2813 1997 3000 adiecti·
2016 2903 2068 2984 in

366 3013 421 3101 13
446 3039 472 3094 ο
502 3011 650 3124 pidum
670 3040 713 3106 se
733 3009 1013 3095 contulerunt.
1077 3005 1242 3096 Postero
1257 3011 1339 3096 die
1363 3011 1586 3126 Pompeius
1612 3043 1664 3097 ex
1694 3014 1834 3100 castris
1860 3015 1946 3097 suis
1968 3013 2068 3098 bra-

447 3040 589 3210 elium
612 3127 747 3238 coepit
762 3125 826 3211 ‘ad
848 3123 1010 3212 flumen
1032 3125 1214 3229 Salsum;
1258 3129 1369 3212 et10>
1396 3156 1493 3214 cum
1523 3129 1654 3212 nostri
1680 3130 1840 3240 equites
1865 3130 1989 3240 pauci
2008 3130 2068 3213 in

304 3339 316 3360 .
445 3243 621 3326 statione
642 3241 816 3325 fuissent
839 3269 862 3325 a
884 3239 1075 3354 pluribus
1096 3244 1270 3355 reperti,
1299 3241 1352 3326 de
1371 3245 1548 3327 statione
1569 3259 1666 3330 sunt
1685 3241 1852 3341 deiecti,
1883 3261 1924 3326 et
1942 3245 2067 3328 occisi

445 3371 538 3439 tres.
603 3353 664 3440 Eo
690 3355 759 3441 die
781 3354 911 3441 Aulus
931 3355 1122 3472 Valgius,
1158 3360 1359 3442 senatoris
1387 3355 1511 3459 filius,
1548 3359 1665 3442 ouius
1692 3358 1820 3470 frater
1847 3359 2067 3442 incastris

444 3469 636 3581 Pompeii
656 3469 814 3573 luisset,
849 3472 1048 3556 omnibus
1070 3475 1153 3556 suis
1173 3471 1298 3558 rebus
1320 3471 1474 3570 relictis
1495 3501 1653 3585 equum
1675 3469 1916 3558 conscendit
1939 3491 1979 3556 et
1998 3471 2067 3557 fu-

443 3586 515 3698 git.
574 3583 816 3696 Speculator
842 3584 894 3670 de
925 3585 1087 3701 legione
1112 3585 1294 3672 secunda
1317 3587 1573 3701 Pompeiana
1596 3607 1738 3700 captus
1758 3618 1781 3672 a
1802 3585 2005 3680 militibus
2024 3606 2067 3671 et

443 3698 685 3786 interfectus
711 3718 770 3784 est
777 3727 789 3803 ;
830 3699 1031 3814 idemque
1052 3704 1251 3814 temporis
1270 3699 1530 3817 glansmissa
1552 3721 1609 3786 est
1633 3706 1849 3814 inscripta:
1890 3695 2066 3813 quodie

394 3823 396 3828 ’
444 3811 496 3918 ad
530 3814 734 3927 oppidum
769 3813 1021 3928 capiendum
1055 3817 1316 3920 accederent,
1360 3848 1409 3902 se
1424 3820 1473 3895 11)
1500 3831 1673 3902 scutum·
1699 3846 1784 3902 esse
1817 3817 2062 3930 positurum.

444 3925 538 4028 Qua
559 3959 631 4042 spe
651 3929 866 4031 nonnulli,
897 3929 999 4015 dum
1021 3934 1113 4017 sine
1134 3931 1319 4044 periculo
1339 3961 1510 4018 murum
1533 3932 1756 4018 ascendere
1776 3950 1816 4017 et
1837 3929 1991 4044 oppido
2012 3935 2062 4011 12)

441 4046 570 4155 potiri
591 4072 707 4157 posse
726 4074 771 4130 se
792 4064 972 4159 sperant,
1002 4043 1164 4158 postero
1185 4046 1255 4132 die
1276 4046 1329 4131 ad
1351 4075 1524 4132 murum
1545 4075 1648 4160 opus
1668 4047 1803 4134 facere
1823 4064 2062 4158 coeperunt,

383 4191 388 4200 ·
442 4175 483 4240 et
503 4157 615 4246 bene
637 4187 791 4278 magna
811 4164 964 4275 prioris
986 4163 1102 4278 muri
1122 4185 1219 4274 pars
1238 4160 1407 4248 deiecta.
1451 4160 1546 4265 Quo
1567 4167 1616 4262 13)
1633 4161 1746 4248 lacto
1767 4160 1820 4248 ab
1840 4159 2063 4274 oppidanis

410 4421 412 4424 ’
529 4395 565 4482 ’1)
582 4430 622 4496 iis
672 4431 695 4482 ²)
711 4432 757 4500 sic
771 4443 809 4500 nt
859 4432 882 4486 s>
898 4450 1017 4522 genus,
1036 4433 1153 4522 quibus
1203 4434 1227 4484 ⁴)
1244 4433 1343 4515 mitti,
1363 4443 1587 4502 exerceretur.
1620 4433 1720 4501 Hoc¹
1753 4433 1776 4486 ⁵)
1793 4441 1844 4502 est
1863 4431 1940 4500 datu
1958 4431 2061 4500 lacul-

359 4529 364 4537 ’
439 4543 489 4600 tas
539 4532 561 4584 ⁸)
578 4542 811 4604 castranostra
862 4537 884 4588 ⁷)
902 4547 1134 4626 pervenerant,
1184 4536 1206 4588 Β)
1223 4535 1259 4604 in
1310 4537 1332 4588 ⁹)
1351 4536 1459 4626 iqui·
1486 4537 1519 4608 ll)
1535 4533 1823 4606 Salsumducerer
1842 4547 1882 4604 ut
1935 4537 1970 4592 Ι1)
1989 4557 2062 4603 sese

438 4635 473 4687 ¹²>
491 4634 647 4726 oppidum
701 4635 881 4706 13)ιίεἰεειε
904 4649 954 4707 est
973 4643 997 4708 '.
1024 4640 1099 4716 Quo
