4450 5518
546 385 559 436 ⁹·
668 436 734 504 nn
759 422 922 504 senno
943 433 1269 506 nrsrrmnnsr.
1700 400 1778 511 'r

1033 615 1036 624 .
1302 617 1304 623 ν
1361 599 1373 632 0
1991 628 1994 638 .

148 677 206 756 ‘a'o
230 651 267 752 si
287 665 461 754 suarum
483 643 680 780 partium·
692 645 1079 764 esse‘nt'oobser'va'ti
1100 667 1242 750 missos
1262 665 1398 756 faeere
1417 653 1622 768 loricatos,
1653 669 1727 782 qui
1749 669 1777 744 t)
1866 731 1880 756 ,
1956 676 1988 742 ’.

156 765 356 896 praesidii
378 809 499 872 causa
520 781 744 899 praepositi
764 781 917 894 oppido
940 811 965 867 a
986 783 1185 894 Pompeio
1205 797 1350 880 essent,
1381 775 1567 892 orabant
1614 781 1779 884 Quibus
1819 815 1838 894 '.

155 895 572 1009 1·esponditCaesar:'
610 927 654 981 se
680 895 941 982 conditiones
968 895 1085 1004 dare,
1134 923 1222 981 non
1261 898 1465 1010 accipere,
1508 899 1777 986 consuevisse.

138 1011 223 1096 itti
244 1014 276 1088 2)
301 1039 398 1120 cunr
419 1014 468 1095 in
489 1010 693 1138 oppidum
713 1015 997 1121 revertissent,
1034 1010 1164 1096 relato
1185 1021 1382 1124 responso
1405 1011 1587 1102 elamoie
1606 1011 1777 1110 sublato,

152 1128 275 1231 omni
297 1133 451 1241 genere
472 1125 651 1232 telorum
673 1129 832 1233 emisso,
854 1150 1041 1241 pugnare
1064 1155 1140 1238 pro
1161 1155 1284 1238 muro
1307 1143 1395 1210 toto.
1410 1143 1639 1240 coeperunt
1646 1153 1657 1229 ;
1680 1153 1778 1238 pro—

139 1255 249 1353 pter
268 1238 381 1352 quod
406 1240 496 1325 fere
526 1267 676 1355 magua
704 1267 811 1352 pars·
830 1241 1073 1349 hominum,
1109 1245 1262 1354 quiin
1287 1244 1426 1325 castris
1455 1245 1604 1326 nostris
1631 1245 1778 1341 essent,

40 1383 45 1391 ·
98 1385 109 1402 ⁸
152 1380 244 1440 non
266 1353 530 1454 dubitarunt,
572 1358 680 1468 quin·
702 1355 969 1468 eruptionem
991 1385 1039 1440 eo
1061 1355 1130 1468 die
1155 1373 1289 1440 essent
1307 1355 1478 1468 facturi.'
1533 1355 1597 1442 Ita
1622 1383 1777 1444 corone

152 1469 410 1556 circumdata
431 1483 665 1586 pugnatum
689 1487 747 1553 est
769 1469 1030 1583 aliquamdiu
1052 1470 1435 1572 vehementissime,
1470 1469 1682 1588 simulque
1703 1469 1776 1555 ba-

148 1584 394 1690 distantiam
423 1614 445 1668 a
473 1588 624 1669 nostris
652 1603 812 1694 turrem
841 1584 1009 1686 deiecit,
1051 1614 1133 1699 qua
1161 1585 1512 1693 adversariorum,
1550 1588 1699 1700 quiin
1727 1611 1775 1670 ea

154 1697 269 1784 turr'e
289 1700 466 1805 fuerant,
498 1698 714 1808 V.deiecti
733 1715 892 1806 suntet
907 1721 1037 1811 puer,
1067 1703 1142 1814 qui
1162 1699 1353 1810 balistam
1367 1699 1508 1788 solitus
1530 1717 1617 1786 erat
1634 1700 1775 1784 obsor—
1810 1703 1813 1713 '
1884 1711 1887 1716 ’
1934 1719 1938 1726 ’

109 1815 115 1828 ’
150 1839 263 1899 vars.
317 1813 628 1927 iio-praeterito
650 1827 841 1928 tempore
863 1815 1084 1928 Pompeius
1110 1835 1226 1928 trans
1252 1812 1412 1926 flumen
1442 1813 1604 1900 Salsum
1633 1815 1775 1902 castel·
1804 1810 1858 1898 14

151 1928 477 2036 lum'cpustituit
500 1923 640 2042 neque
668 1959 692 2014 a
721 1931 871 2038 nostr-is
897 1931 1132 2043 prohibitus
1161 1929 1345 2044 falsaque
1371 1931 1447 2037 illa¹
1463 1933 1666 2046 opinione
1687 1931 1775 2047 glo-

28 2049 32 2056 '
150 2047 282 2147 rietus
304 2058 381 2145 est,
411 2042 525 2156 quod
548 2053 678 2156 prope
698 2046 747 2129 in
770 2048 922 2130 nostris
942 2046 1129 2158 partibus
1151 2044 1289 2152 locum
1311 2049 1520 2130 tenuisset.
1577 2044 1684 2129 Item
1706 2049 1776 2130 in·
1915 2063 1922 2080 ·

105 2249 111 2260 ,
145 2161 343 2271 sequenti
362 2157 432 2244 die
453 2157 599 2266 eadem
622 2158 1047 2270 consuetudinedum
1071 2159 1234 2276 longius
1255 2161 1538 2274 prosequitur,
1575 2189 1659 2274 quo
1687 2159 1776 2273 loco

151 2275 311 2386 equites
333 2277 465 2358 nostri
486 2277 707 2380 stationem
728 2273 980 2376 habuerant,
1018 2274 1176 2388 aliquot
1198 2293 1380 2376 turmae,
1415 2303 1512 2386 cum
1534 2274 1615 2360 lev-i
1638 2303 1775 2362 arma-

149 2407 263 2486 tura,
299 2390 461 2500 impetu
478 2387 586 2473 facto
609 2387 697 2500 loco
718 2407 816 2474 sunt
838 2389 988 2475 deiecti
1008 2393 1039 2467 8)
1068 2406 1108 2474 et
1135 2409 1310 2502 propter,
1332 2393 1585 2502 paucitatem
1613 2396 1775 2476 n‘ostro-
1840 2485 1844 2492 q

149 2529 249 2588 rum
273 2507 461 2614 equitum
482 2503 608 2587 simul
636 2533 733 2611 eum
763 2503 846 2590 levi
874 2521 1085 2614 armatura
1113 2508 1227 2592 inter
1255 2517 1414 2589 turmas
1442 2504 1786 2614 adversariorum

28 2709 33 2718 ‚
145 2616 318 2730 protriti
344 2617 387 2700 4).
458 2615 547 2724 Hoc
573 2621 621 2702 in
651 2636 886 2731 oenspeotu
901 2617 1178 2740 utrorumque
1205 2633 1433 2728 castrorum
1454 2621 1697 2734 gerebatur,
1734 2635 1775 2706 et

151 2734 311 2836 maiore
331 2731 579 2846 Pompeiani
602 2732 866 2819 exsultabant
885 2733 1034 2850 gloria,
1079 2733 1241 2848 longius
1269 2733 1386 2848 quod
1407 2736 1561 2840 vuostris
1588 2733 1774 2820 cedenti-
1822 2837 1833 2856 ·

144 2846 227 2930 bus
248 2851 445 2959 prosequi
465 2849 725 2961 coepissent(
764 2847 961 2958 Quicum
977 2849 1118 2961 aliquo
1141 2849 1230 2932 loco
1252 2847 1444 2959 anostris
1457 2852 1614 2961 recepti
1628 2867 1773 2952 esseut,

148 2969 205 3044 ut*
219 2980 498 3064 consuessent,
528 2993 580 3062 ex
598 2963 728 3048 simili
740 2965 903 3070 ¹virtute
923 2963 1102 3047 clamore
1123 2963 1229 3074 facto
1251 2965 1426 3049 aversati
1446 2981 1544 3048 sunt
1564 2963 1773 3076 proelium

150 3075 296 3180 facere.
332 3171 335 3179 ,
367 3075 472 3163 Fere
499 3075 610 3189 a'pud
641 3079 845 3162 exercitus
872 3075 974 3162 haec
1008 3094 1068 3160 est
1097 3081 1296 3190 equestris
1322 3077 1472 3189 proelii
1500 3077 1773 3162 consuetudo:
1802 3085 1858 3172 15

149 3218 247 3291 cum
271 3217 396 3304 eques
417 3189 469 3276 ad
491 3190 782 3305 dimicandum
797 3191 966 3301 dimisso
979 3219 1096 3303 equo
1117 3219 1213 3276 cum
1228 3191 1368 3305 pedite
1388 3191 1666 3306 congreditur,
1696 3223 1774 3278 ne-
1858 3257 1863 3264 -

181 3331 365 3417 usquam
385 3333 469 3417 par,
483 3304 695 3416 habetur..
735 3305 791 3390 td*
806 3305 989 3419 quod‘iu
1011 3305 1089 3390 hoc
1105 3306 1259 3394 ‘accidit
1272 3307 1440 3422 'proelio
1461 3310 1504 3390 5).-
1544 3409 1547 3418 ,
1568 3305 1678 3391 Cum
1700 3339 1774 3420 pe-

143 3445 145 3451 ·
184 3423 256 3504 'tes
272 3419 362 3530 levi
381 3424 413 3497 6)
441 3437 652 3508 armatura
682 3421 777 3505 lecti
805 3421 856 3505 ad
880 3447 1068 3538 pugnam
1090 3422 1301 3534 equitibus
1320 3424 1470 3510 nostris
1491 3449 1571 3505 nec
1591 3425 1773 3536 opinan-

142 3535 511 3646 tibus-venissent,
545 3533 674 3649 idque
695 3535 925 3649 inproelio
941 3525 1443 3652 'animadversum'lesseb'
1466 3527 1558 3620 com
1591 3536 1699 3628 iures
1721 3567 1773 3622 ex
1868 3595 1873 3606 -

143 3649 607 3760 'equisjdescenderunt
665 3649 728 3758 Ita
752 3655 901 3769 exiguo
922 3641 1252 3773 temporeeques
1266 3641 1472 3765 pedestre,
1500 3563 1625 3762 pedes
1644 3671 1773 3774 eque-

150 3763 467 3876 stre-proelium
493 3766 629 3854 iacere
656 3757 809 3880 Jcoepit',
851 3795 985 3878 usque
1015 3755 1164 3867 eo,·'ut
1192 3767 1372 3852 caedem·
1390 3761 1646 3878 proxime-a
1663 3765 1772 3848 vello

150 3878 346 3988 fecerint3
385 3882 431 3964 in
457 3907 541 3993 quo
561 3877 721 3993 proelio
745 3871 1079 3968 adversariorum
1101 3869 1341 3998 oeciderunt
1363 3869 1564 4002 CXXIll.
1585 3877 1774 4005 corripiu-

149 4015 303 4106 resque
331 3996 459 4082 armis
483 4000 617 4106 exuti,
654 3991 787 4081 m'ulti·
807 3983 1052 4082 vulneribus
1076 3993 1213 4112 affecti
1242 4000 1450 4088 incastra
1478 4013 1576 4079 sunt
1592 3993 1772 4114 redaotl5

142 4112 282 4194 nostri
304 4107 545 4226 ceciderunt
565 4109 657 4212 111,
690 4114 821 4226 saucii
843 4105 1119 4228 Klipedites
1140 4129 1181 4197 et
1200 4115 1232 4228 ⁷.)
1250 4103 1420 4232 'equites
1439 4107 1492 4196 V.
1536 4101 1658 4195 'Eiu's
1685 4107 1772 4194 disi

150 4224 393 4336 insequenti
411 4237 603 4338 tempore
622 4229 799 4339 pristina
820 4223 1357 4340 consuetudinepromur'o
1376 4225 1558 4343 pugnari
1576 4241 1772 4345 coeptum
1854 4321 1857 4328 ¹
1945 4301 1948 4310 .

140 4350 223 4420 est.
294 4335 404 4428 Cum
432 4340 541 4424 bene
570 4359 768 4457 magnam
798 4332 1115 4441 multitudinem
1149 4343 1331 4439 telorum
1359 4335 1602 4457 'ignemque
1620 4341 1771 4424 nostris

152 4450 473 4539 defendentibus
497 4458 754 4560 iniecissent,
789 4455 1025 4546 nefandum
1055 4455 1472 4570 crudelissimumque
1492 4455 1654 4542 facinus
1672 4469 1769 4538 sunt

227 4694 249 4746 ¹³
266 4695 388 4785 quique
439 4697 462 4750 ²¹
479 4698 544 4774 Qui
595 4698 617 4752 ³)
635 4697 782 4769 deiectae
833 4702 855 4753 ⁴)
872 4695 1033 4790 protritae
1084 4703 1107 4751 ⁵>
1123 4699 1303 4770 curamine
1354 4700 1376 4753 ὅ)
1392 4717 1434 4767 ex
1453 4695 1517 4766 leri
1571 4685 1720 4764 tt'etan.
