4450 5518
371 370 373 374 ·
453 355 518 428 rr
881 317 885 323 ’
994 377 999 384 ·
1073 337 1450 418 consumunmt

452 590 555 688 ritis,
588 613 715 698 quum
735 585 888 676 uestro
903 589 1044 695 opinio
1068 583 1176 696 sert,
1207 585 1368 666 tottam
1391 583 1676 696 confecissem.
1736 581 1828 670 Sed
1845 591 2082 668 exercitum

452 706 632 782 tironem
651 729 746 782 non
759 702 921 781 audent
938 706 982 780 in
999 729 1190 810 campum
1202 702 1414 782 *deducere
1431 705 1666 813 nostrisque
1681 702 1820 782 adbuc
1832 700 1938 812 [reti
1947 729 2079 810 prue-
2175 761 2176 764 ,

449 817 566 896 siditls
589 817 744 896 bellum
764 817 938 896 meunt.
1005 816 1119 899 Nam
1139 819 1331 923 singulas
1353 819 1541 896 ciuitates
1565 817 1947 893 circumsederunt:
1975 817 2081 892 inde

424 1014 426 1018 ,
450 932 533 1011 sibi
553 940 804 1010 commeatus
826 935 1013 1038 copiunt.
1076 923 1221 1032 Quone
1243 939 1286 1010 et
1306 935 1753 1008 caumes-nostrarum
1766 931 1954 1035 portium
1975 947 2078 1007 con·

450 1047 628 1126 servibo
654 1055 696 1125 ct
717 1045 872 1124 bellum
895 1049 1032 1152 primo
1056 1069 1222 1154 quoque
1243 1051 1429 1150 tempore
1452 1041 1686 1152 conficimn.
1756 1039 1961 1121 Cohortes
1975 1048 2081 1122 oni·

452 1158 518 1241 mo
543 1160 571 1232 l)
601 1159 736 1238 babeo
758 1161 817 1238 od
834 1173 910 1238 cos
928 1161 1108 1236 mittere.
1168 1155 1544 1266 Profectonostro
1569 1164 1801 1236 commeatu
1817 1159 1982 1266 priuati
2004 1187 2079 1236 nc·

366 1272 426 1360 27
452 1279 632 1356 cessario
658 1274 718 1354 od
732 1273 1021 1353 dimicandum
1039 1271 1307 1352 descendent.
1375 1265 1621 1378 Insequenti
1643 1284 1848 1383 tempore,
1878 1295 1974 1351 curn
2000 1297 2081 1352 no·

450 1389 525 1470 stri
543 1389 574 1466 ἲ)
595 1389 642 1467 in
666 1412 794 1498 opere
814 1382 984 1466 distenti
1006 1400 1151 1482 essem,
1181 1385 1341 1494 equites
1362 1384 1407 1464 in
1431 1381 1595 1480 oliveto,
1625 1377 1731 1464 dum
1750 1382 1979 1495 tignantur,
2010 1386 2081 1468 iu-

381 1513 386 1520 “
451 1499 613 1584 terfecti
646 1517 745 1582 sunt
782 1495 951 1609 aliquot.
1017 1495 1136 1581 Servi
1168 1499 1501 1608 transfugerunt,
1545 1498 1620 1607 qu'i
1648 1493 1955 1586 nuntiaverunt
1983 1527 2021 1582 a.
2042 1497 2080 1582 d.

359 1664 362 1669 -
451 1612 526 1698 III.
544 1615 687 1697 Nonas
709 1613 742 1691 3)
769 1611 911 1696 Martii
941 1610 1146 1728 proelium
1175 1609 1227 1694 ad
1259 1612 1509 1694 Soricariam
1527 1611 1558 1685 4)
1587 1609 1698 1722 quod
1728 1610 1988 1713 factumest,
2030 1643 2080 1697 ex

316 1821 319 1829 ,
452 1758 502 1814 co
530 1743 720 1843 tempore
747 1729 908 1810 metum
939 1757 1023 1810 esse
1049 1740 1251 1839 magnum
1281 1742 1322 1808 et
1349 1726 1509 1808 Attium
1533 1723 1696 1808 Varum
1726 1730 1885 1810 circum
1915 1728 2080 1812 castella

452 1871 651 1960 praeesse.
710 1841 772 1925 Eo
794 1841 862 1924 die
884 1837 1106 1958 Pompeius
1134 1857 1262 1923 castra
1291 1843 1426 1936 movit
1453 1857 1493 1923 et
1520 1858 1665 1924 contra
1685 1839 1761 1924 His
1792 1841 1896 1924 alim
1915 1845 1968 1925 in
2001 1843 2080 1926 oli-

251 2039 287 2050 „
344 2009 349 2014 -
452 1953 547 2042 veto
568 1959 762 2042 constitit.
813 1951 972 2040 'Caesar
993 1957 1238 2070 priusquam
1263 1954 1409 2038 eodem
1432 1973 1489 2038 est
1505 1953 1734 2068 'profectum
1763 1873 1864 2040 func
1880 1955 2080 2042 horacir-

309 2071 351 2150 J
451 2075 556 2156 citer
577 2070 651 2154 VI.
674 2074 758 2155 visa
785 2089 857 2154 eat.
929 2069 991 2153 Ita
1020 2073 1161 2153 eastris
1191 2071 1313 2152 motis
1344 2067 1529 2152 Voubim
1559 2067 1781 2184 Pompeius
1798 2070 2079 2185 «praesidium,

451 2183 564 2298 quod
581 2184 768 2296 reliquit,
796 2188 912 2269 iussit
934 2183 1211 2267 incenderent
1232 2201 1272 2266 et
1293 2182 1437 2266 deusto
1458 2179 1614 2299 oppido
1632 2187 1679 2268 in
1703 2202 1830 2268 castra
1854 2189 2015 2272 maiora
2037 2217 2079 2270 se

355 2301 360 2310 ’
451 2303 701 2414 reciperent.
766 2297 1011 2412 Insequenti
1034 2315 1222 2412 tempore
1246 2297 1505 2412 Ventiponte
1527 2299 1558 2376 5)
1584 2297 1787 2414 oppidum
1814 2306 1911 2384 'oum
1942 2331 2077 2418 oppu-

450 2439 583 2530 gnare
603 2417 811 2531 coepisset,
840 2413 1054 2499 deditione
1068 2413 1173 2498 facta
1189 2416 1270 2496 iter
1284 2411 1380 2495 fecit
1394 2415 1442 2498 in
1457 2411 1702 2513 Carrucam,
1732 2432 1879 2500 contra
1899 2418 1931 2493 6)
1952 2415 2077 2500 Pom-

451 2532 595 2645 peium
618 2547 748 2614 castra
770 2532 934 2645 posuit.)
975 2528 1198 2644 Pompeius
1218 2526 1441 2643 oppidum,
1476 2525 1588 2640 quod
1605 2545 1757 2613 contra
1776 2557 1849 2614 sua
1871 2531 2077 2645 praesidia

430 2662 590 2759 portas
618 2645 843 2741 clausisset,
883 2641 1091 2742 incendit3
1114 2641 1366 2753 milesque,
1401 2643 1475 2753 qui
1506 2641 1830 2732 iratremsuum
1858 2647 1905 2728 in
1936 2650 2076 2732 castris

452 2757 691 2872 jugulasset,
727 2761 983 2872 interceptus
1010 2773 1121 2838 esta
1149 2757 1299 2838 nostris
1329 2771 1369 2838 et
1391 2756 1485 2838 fusti
1507 2761 1733 2872 percussus
1790 2757 1902 2842 Hinc
1922 2755 2076 2846 itinere

454 2869 629 2980 facto'in
648 2899 845 2988 campum
867 2865 1146 2954 Mundensem
1163 2899 1263 2953 wcum
1287 2887 1389 2954 esset
1410 2889 1605 2971 ventum,
1634 2859 1763 2956 castra
1786 2891 1939 2959 contra>
1953 2873 2076 2959 Pom-

369 2991 430 3078 28
454 2989 599 3101 peium
619 2989 843 3071 constituit.
901 2977 1103 3096 Sequenti
1124 2984 1223 3086 die,¹
1247 3007 1344 3069 cum
1372 2987 1454 3068 iter
1479 2985 1615 3069 iacere
1641 2983 1793 3072 Caesar
1821 3017 1919 3073 cum
1946 2993 2075 3107 copiis

322 3137 347 3200 .·
453 3100 595 3202 vellet,
623 3103 917 3188 renuntiatum
940 3117 997 3184 est
1019 3130 1043 3183 a
1062 3103 1094 3178 ⁷)
1113 3099 1437 3216 speculatoribus
1451 3099 1698 3218 Pompeium
1718 3099 1770 3186 de
1789 3107 1911 3188 tertia
1933 3105 2074 3222 vigilia

345 3307 348 3316 ,
454 3219 501 3300 iu
517 3218 786 3302 aciestetisse.
844 3214 933 3298 Hoc
955 3217 1107 3299 nuntio
1127 3213 1249 3298 allato
1269 3212 1469 3298 vexillum
1492 3219 1726 3331 proposuit·
1776 3213 1937 3305 Idcirco
1958 3225 2073 3306 enim

196 3366 212 3390 ·
281 3329 286 3338 ’
454 3331 593 3444 copiae
620 3329 838 3429 eduxerat,
886 3328 997 3441 quod
1029 3327 1408 3412 Bursavonensium
1435 3333 1485 3428 8)
1501 3333 1660 3414 civitati
1687 3330 1860 3416 fuissent
1887 3333 2074 3420 lautores.

456 3445 591 3527 Antea
613 3443 767 3528 litteras
790 3445 983 3558 miseran
1006 3443 1227 3528 Caesarem
1244 3442 1356 3527 nolle
1370 3445 1416 3526 in
1433 3443 1666 3540 convallem
1682 3445 1942 3549 descendere,
1963 3447 2074 3562 quod

396 3661 401 3669 Ι
455 3561 660 3644 ruaiorem
679 3577 844 3675 partem
871 3560 1074 3642 exercitus
1095 3560 1278 3648 tironem
1296 3555 1482 3642 haberet.
1543 3557 1643 3642 ,Hae
1665 3558 1826 3646 litterae
1847 3563 2073 3648 vehemen-

454 3691 519 3758 ter
538 3671 843 3758 confirmabant
867 3689 1029 3757 mentes
1049 3672 1370 3788 oppidanorum.
1435 3671 1497 3756 Ita
1526 3672 1603 3757 bac
1628 3677 1833 3792 opinione
1859 3676 1987 3763 fretu's
2015 3697 2073 3763 to-

454 3807 546 3871 tum
566 3817 610 3872 se
631 3787 766 3872 facere
785 3815 902 3903 posse
923 3789 1197 3882 existimabat.
1262 3786 1434 3870 Etenim
1457 3805 1497 3872 et
1519 3805 1668 3873 natura
1691 3789 1770 3878 loci
1791 3790 2074 3879 defendeban-

455 3921 525 3986 tur
542 3903 573 3980 9)
594 3919 635 3986 et
655 3906 784 4018 ipsius
805 3901 1224 4019 oppidimunitione,
1252 3900 1327 3985 ubi
1345 3920 1475 3986 castra
1497 3900 1643 3987 habuit
1664 3909 1895 3992 constituta.
1944 3909 2073 3994 Nam-

351 4051 355 4059 *
453 4038 556 4130 que,
592 4033 639 4099 ut
662 4020 855 4133 superius
882 4017 1260 4121 demonstravimus
1287 4015 1375 4100 loca
1396 4015 1640 4101 excellentia
1660 4021 1832 4104 tumulis
1853 4026 2071 4123 contineri,

369 4127 430 4222 29
454 4129 725 4217 intervallum
747 4129 1089 4248 planitie-dividi,
1117 4131 1161 4216 id
1184 4135 1231 4206 10)
1252 4129 1366 4243 quod
1387 4161 1436 4214 eo
1458 4131 1606 4216 Incidit
1630 4151 1851 4256 tempore„
1879 4135 2071 4223 Planities

559 4403 581 4455 ¹¹
597 4403 768 4470 montino*
805 4351 833 4456 'l
845 4401 948 4469 nostri
962 4409 1087 4468 temere
1137 4401 1160 4452 ³³
1178 4355 1349 4468 Nonarum
1401 4402 1425 4452 ⁴)
1441 4402 1600 4469 Soriciam
1653 4403 1675 4456 'l
1693 4403 1907 4492 Ventisponte
1956 4405 1980 4458 θ)
1996 4429 2071 4474 con·

456 4517 593 4595 nrqua.
623 4506 645 4558 ⁷)
661 4505 703 4573 ab
731 4505 777 4592 ,8)
797 4493 1069 4571 Versaone'urium
1120 4503 1142 4555 ⁹¹
1160 4501 1398 4578 defendebatur
1450 4505 1485 4556 ω)
1502 4503 1680 4588 mutioeri3
1706 4505 1838 4574 interim
1859 4505 1949 4576 nulla
1968 4510 2070 4599 plani-

456 4609 503 4676 tia
516 4605 643 4676 dividit.
659 4605 793 4676 xxix.
818 4605 885 4675 Sed
899 4607 1026 4674 ratium
1039 4604 1128 4675 nulla
1143 4605 1265 4694 placuit
1279 4603 1380 4674 taceri
1397 4603 1443 4688 id,
