4450 5518
383 655 441 742 at

1720 317 1736 354 Ι
1811 331 1834 362 a

470 421 534 496 ID
644 449 648 454 ·
861 431 915 444 ’“
1021 445 1024 450 “
1090 417 1469 492 COMMENTARIVS

466 651 681 768 Oppidani
703 669 862 750 autem,
890 647 1023 734 simul
1037 649 1189 734 Caesar
1206 669 1502 736 castraoontra
1520 649 1724 774 oppidum
1745 655 1899 764 posuit,
1912 653 2089 740 discor-

464 766 566 852 dare
587 783 816 878 coeperunt
835 793 966 877 usque
987 791 1056 864 eo,
1093 781 1138 846 ut
1167 763 1324 848 clamor
1350 767 1397 850 in
1420 783 1550 851 castra
1573 785 1715 851 nostra
1734 771 1975 878 perveniret
1995 771 2090 856 fere

462 884 577 968 inter
598 881 866 988 Caesarianos
883 897 924 962 et
943 883 1055 964 Inter
1081 878 1365 990 Pompeianos.
1428 879 1560 965 Erant
1583 880 1652 964 bic
1672 880 1872 994 legiones,
1896 912 2011 996 quae
2034 913 2089 968 ex

518 995 645 1109 rfugis
666 997 939 1106 conscriptae,
974 998 1127 1106 partim
1154 992 1461 1106 oppidanorum
1493 996 1620 1096 servi,
1656 999 1731 1106 qni
1758 1015 1881 1082 erant
1907 1027 1931 1082 a
1957 999 2089 1082 Sexto

497 1111 663 1222 ompeio
690 1109 954 1206 manumissi,
992 1111 1067 1219 qui
1085 1111 1113 1186 t)
1139 1111 1187 1191 In
1208 1105 1394 1194 Caesaris
1414 1108 1644 1194 adventum
1665 1109 1917 1196 descendere
1936 1141 2090 1224 coepe-

463 1243 577 1307 runt.
634 1224 762 1340 Legio
784 1219 903 1306 XIII.
923 1221 1126 1332 oppidum
1148 1221 1373 1306 defendere
1394 1225 1541 1334 coepit.
1599 1225 1710 1310 Nam
1732 1251 1830 1310 cum
1849 1229 1935 1309 iam
1958 1254 2089 1338 repu-

441 1357 660 1450 gnarent,
702 1356 838 1421 turres
859 1365 910 1420 ex
930 1355 1048 1446 parte
1075 1353 1116 1419 et
1144 1363 1316 1421 murum
1345 1351 1612 1450 occuparunt
1684 1338 1837 1422 Denuo
1857 1340 2010 1450 legatos
2032 1341 2088 1426 ad

380 2140 438 2225 35

462 1449 685 1537 Caesarem
706 1454 899 1550 mittunt,
937 1465 981 1531 ut
999 1450 1080 1534 sibi
1100 1449 1282 1562 legiones
1301 1451 1484 1536 subsidio
1503 1455 1813 1538 intromitteret.
1876 1447 1965 1538 Hoc
1984 1483 2086 1540 cum

462 1564 850 1650 animadverterent
880 1563 1074 1647 homines
1106 1563 1289 1678 fugitivi,
1331 1565 1536 1678 oppidum
1572 1567 1800 1650 Incendere
1834 1589 2086 1679 coeperunt;

462 1682 538 1792 qui
558 1679 742 1792 superati
768 1707 792 1762 o
821 1681 971 1762 nostris
996 1697 1093 1760 suot
1112 1678 1323 1762 interfecti
1345 1679 1568 1764 hominum
1593 1679 1709 1764 milia
1732 1679 1877 1778 XXII.
1898 1703 2088 1794 praeben

462 1819 592 1904 quam
615 1810 920 1878 extremorum
946 1794 1020 1903 qui
1040 1796 1268 1904 perierunt.
1326 1791 1390 1878 lta
1405 1792 1558 1880 Caesar
1574 1795 1728 1906 oppido
1744 1799 1905 1906 potitus.
1966 1797 2086 1882 Dum

462 1907 534 1991 hic
555 1909 785 2007 detinetur,
827 1935 879 1989 ex
901 1904 1059 2017 proelio
1082 1933 1185 2016 quos
1206 1909 1551 1990 clrcummunitos
1570 1912 1759 2017 superius
1779 1909 2086 1998 demonstravi-

463 2049 574 2124 mus,
605 2022 868 2132 eruptionem
891 2019 1080 2106 fecerunt
1101 2037 1141 2100 et
1164 2017 1272 2102 bene
1294 2020 1433 2104 multis
1453 2021 1682 2104 Interfectis
1702 2026 1749 2106 in
1766 2025 1967 2135 oppidum
1983 2047 2085 2110 sunt
2195 2021 2196 2028 Ν

462 2134 630 2219 redacti,
670 2133 839 2217 -Caesar
856 2131 1059 2245 Hispallim
1083 2160 1178 2216 cum
1202 2132 1490 2234 contendisset,
1521 2132 1643 2248 legati
1663 2135 1931 2247 deprecatum
1954 2169 2085 2226 vene·
2195 2197 2196 2206 κ

462 2268 575 2334 runt.
639 2247 702 2332 lta
725 2275 822 2331 cum
840 2246 1044 2360 oppidum
1064 2275 1151 2331 sese
1173 2250 1281 2329 tueri
1301 2247 1488 2347 dixisset,
1524 2248 1757 2334 Caninium
1783 2250 1962 2364 legatum
1983 2279 2081 2340 cum
2195 2251 2196 2274 *

442 2362 668 2477 praesidio
688 2364 949 2461 intromittit,
984 2363 1072 2472 ipse
1093 2378 1222 2443 castra
1243 2358 1294 2442 ad
1317 2360 1519 2472 oppidum
1543 2368 1674 2474 ponit
1740 2364 1839 2449 Erat
1861 2365 1969 2454 bene
1990 2397 2082 2456 rne-

460 2505 594 2592 gnum
616 2481 728 2562 intra
750 2477 1102 2588 Pompeianarum
1123 2476 1307 2587 partium
1329 2475 1596 2587 praesidium,
1625 2476 1736 2590 quod
1752 2478 1938 2564 Caesaris
1959 2511 2081 2596 prae-

459 2593 614 2678 sidium
634 2608 849 2703 receptum
870 2589 1180 2703 indignaretur,
1194 2587 1317 2673 clam
1338 2589 1552 2702 quendam
1573 2591 1814 2694 Philonem,
1841 2593 1976 2698 illum,
2004 2603 2081 2711 qui

460 2707 814 2820 Pompeianarum
835 2705 1021 2818 partium
1041 2703 1180 2786 fuisset
1201 2701 1394 2788 defensor
1415 2709 1665 2806 acerrimus·¹
1711 2705 1750 2790 Is
1764 2725 1845 2792 tcta
1862 2710 2079 2798 Lusitania
2194 2791 2195 2814 ,

462 2825 702 2906 notissimus
723 2837 821 2902 erat.
885 2817 964 2900 Hic
984 2817 1091 2900 clam
1114 2815 1318 2927 praesidia
1338 2818 1596 2903 Lusitaniam
1618 2819 1889 2931 proficIscitur
1911 2843 1952 2910 ot
1972 2826 2079 2914 Cae·
2194 2825 2195 2848 ¹

461 2935 607 3020 cilium
635 2935 832 3048 Nigrum,
874 2934 1052 3028 nomine
1079 2931 1330 3032 Barbarum,
1373 2932 1424 3017 ad
1452 2933 1668 3018 Lennium
1689 2939 1721 3012 ²>
1748 2943 1966 3041 convenit,
2003 2947 2079 3053 qui

459 3051 571 3136 bene
607 3073 804 3166 magnam
841 3073 1019 3130 menum
1046 3045 1342 3130 Lusitanorum
1369 3047 1562 3158 ,haberat
1632 3049 1789 3134 Rursus
1814 3054 1846 3130 3)
1873 3052 2078 3168 Hispalim

313 3171 316 3188 ¹
459 3164 660 3279 oppidum
690 3163 830 3246 denno
856 3178 982 3245 noctu
1010 3187 1286 3272 permnrum
1311 3165 1530 3275 recipitur:
1567 3162 1839 3274 praesidium,
1876 3169 2019 3283 vigiles
2046 3174 2077 3248 t)

457 3279 667 3393 iugulant,
696 3295 833 3389 portes
853 3273 1146 3388 praecludunt,
1175 3274 1227 3358 de
1257 3277 1421 3389 integro
1447 3303 1634 3391 pugnare
1663 3299 1902 3390 coeperunt.
1960 3283 2076 3368 Dum

459 3393 563 3478 baec
582 3409 805 3504 geruntur,
826 3390 951 3503 legati
972 3389 1231 3473 Carteienses
1249 3393 1602 3474 renuntiaverunt
1621 3393 1670 3490 ⁶),
1699 3393 1812 3503 quod
1828 3393 2074 3509 Pompeium
2193 3495 2194 3500 g

457 3511 505 3592 in
526 3524 765 3621 potestatem
788 3505 1011 3588 haberent:
1046 3501 1158 3615 quod
1180 3521 1277 3586 ante
1298 3503 1465 3588 Caesari
1486 3524 1624 3616 portas
1645 3507 1974 3616 praeclusissem,
2001 3511 2076 3598 illo
2193 3527 2194 3530 ‘

457 3620 660 3708 beneficio
680 3643 802 3704 suum
823 3615 1075 3702 maleficium
1096 3617 1390 3702 existimabant
1409 3649 1452 3703 se
1472 3617 1723 3704 lucrifacere.
1788 3621 1979 3712 Lusitani
1998 3625 2076 3713 Hi-

457 3739 562 3850 spali
579 3760 767 3852 pugnare
789 3731 906 3818 nullo
926 3723 1116 3846 tempore
1135 3730 1397 3817 desistebant.
1454 3730 1576 3833 Quod
1592 3732 1745 3822 Caesar
1764 3765 1861 3822 urm
1882 3741 2076 3832 animad.

458 3871 656 3951 verteret,
692 3855 727 3952 si
748 3847 951 3961 oppidum
974 3875 1122 3959 capere
1143 3846 1432 3946 contenderet,
1468 3864 1515 3931 ut
1537 3847 1729 3934 homines
1749 3850 1903 3961 perditi
1926 3857 2075 3942 Incen-

457 3964 608 4051 derent
635 3985 676 4050 et
704 3966 872 4048 moenia
901 3959 1109 4061 delerent,
1149 3965 1206 4045 its
1229 3961 1402 4046 consilio
1422 3959 1565 4047 habito
1587 3968 1713 4047 noctu
1735 3967 1893 4074 patitur
1913 3967 2075 4058 Lusita·

459 4101 536 4166 nos
554 4082 819 4192 eruptionem
838 4076 991 4176 facere,
1017 4075 1062 4160 id
1083 4073 1194 4188 quod
1215 4077 1402 4161 consulto
1425 4103 1513 4160 non
1536 4077 1830 4163 existimabant
1848 4077 1952 4168 fieri.
2009 4084 2073 4172 Its
2192 4137 2193 4172 ι

458 4193 720 4306 erumpendo
754 4220 904 4302 naves,
948 4218 1055 4302 quae
1095 4189 1149 4274 ad
1191 4191 1351 4275 Baetim
1392 4187 1553 4275 flumen
1588 4190 1779 4294 fuissent,
1828 4195 2074 4284 incendunt
2192 4187 2193 4196 Ν

404 4385 406 4392 ,
456 4307 720 4410 Nostridum
743 4303 942 4392 incendio
965 4303 1227 4405 detinentur,
1262 4303 1333 4390 illi·
1348 4303 1590 4420 profugiunt
1609 4323 1650 4389 et
1670 4303 1723 4390 ab
1745 4310 1954 4422 equitibus
1972 4341 2073 4425 con-

310 4535 316 4542 ·
457 4423 666 4514 sitiuntur.
730 4420 825 4524 Quo
847 4419 952 4506 facto
973 4415 1127 4532 oppido
1149 4437 1389 4533 recuperato
1411 4419 1554 4506 Astam
1574 4421 1656 4534 iter
1678 4419 1812 4508 fecere
1831 4427 1984 4540 coepit;
2020 4457 2072 4516 ex

557 4666 579 4718 ¹)
595 4674 675 4734 tnnc
724 4662 907 4732 omnum
930 4713 937 4724 .
958 4661 982 4712 ⁸>
999 4661 1131 4728 Rursus
1150 4621 1186 4730 ln
1236 4659 1461 4752 ⁴’vigilesque
1515 4661 1538 4714 l)
1555 4659 1793 4734 renuntiarunt
