4450 5518
436 360 530 441 re·
1008 359 1451 454 wconstsrttrnuvs·
1537 385 1544 395 ·

436 597 519 685 duo
546 601 817 684 restituerunt
844 600 995 700 eciem,
1036 599 1269 714 acriterque
1299 601 1454 686 eximia
1483 600 1644 722 virtute·
1668 601 1808 715 plures
1833 629 1931 689 cum
1960 629 2058 716 age·

436 733 550 815 rent,
592 743 645 800 ex
681 716 894 827 superiore
929 714 1018 798 loco
1055 715 1325 800 multitudine
1350 715 1530 802 telorum
1559 715 1664 802 alter
1691 745 1837 802 eorum
1862 714 2060 802 concidit.

435 829 498 914 Ita
521 845 618 913 cum
641 829 748 913 eis1)
775 857 946 942 compar
972 829 1179 942 proelium
1202 830 1339 916 facere
1367 834 1581 942 coepisset,
1609 858 1714 915 cum
1735 835 1767 908 2)
1794 831 1900 916 nndi
1932 859 2061 914 nese

436 945 736 1028 circumveniri
756 948 951 1028 animum
971 942 1221 1044 advertisset,
1242 949 1449 1062 ingressus
1468 949 1500 1023 3)
1521 942 1908 1066 ρεάθιηοῆεηάίῖγ
1963 946 2060 1026 nius

436 1056 693 1144 concidentis
721 1061 802 1143 viri
830 1088 925 1142 casu
954 1062 1105 1170 passim
1132 1059 1311 1160 audito‚'
1334 1089 1431 1144 cum
1460 1057 1694 1172 complures
1712 1057 2060 1142 odversartorum

436 1193 684 1258 concursum
705 1169 907 1270 fecerent,
937 1176 1097 1283 equites
1120 1179 1250 1258 nostri
1270 1176 1512 1288 transgressi
1529 1175 1724 1257 interiori
1744 1172 1777 1248 t)
1798 1171 1886 1256 loco
1906 1169 2059 1256 adrer-

435 1290 562 1372 serios
583 1285 634 1372 ad
657 1283 814 1368 vallum
837 1305 959 1398 agere
981 1304 1219 1396 coeperunt.
1282 1285 1345 1368 Ita'
1367 1279 1558 1394 cupidius
1577 1281 1731 1367 dumo
1760 1286 1872 1369 intre
1902 1289 2060 1398 praesi-

435 1401 506 1487 dia
529 1400 699 1484 illorum
728 1397 895 1482 student
924 1396 1093 1480 caedem
1121 1395 1275 1495 fecere,
1312 1425 1335 1482 a
1364 1398 1514 1480 turmis
1530 1414 1583 1494 et
1609 1395 1692 1484 levi
1718 1415 1931 1508 armatura
1958 1419 2061 1484 sunt

436 1513 663 1622 interclusi.
707 1511 900 1615 Quorum
923 1513 1006 1595 nisi
1025 1527 1190 1596 summa
1204 1513 1336 1595 virtus
1357 1509 1509 1610 fnisset,
1529 1513 1617 1596 vivi
1632 1515 1741 1624 cepti
1757 1531 1902 1598 essent.
1944 1513 2061 1598 Nom

438 1649 479 1714 et
500 1631 739 1713 munitione
761 1623 958 1740 praesidii
977 1629 1033 1711 ita
1056 1625 1451 1741 coangusta‘bautur,
1479 1641 1531 1707 ut·
1539 1653 1669 1738 eques
1685 1630 1816 1737 spatio
1831 1626 2060 1713 intercluso

436 1747 509 1829 vix
531 1773 574 1825 se
594 1741 821 1827 defendere
834 1758 978 1854 posset.
1029 1739 1103 1823 ‘Ex
1122 1743 1153 1818 6)
1173 1758 1352 1851 utroque
1363 1763 1519 1854 genere
1534 1741 1945 1854 pugneeoomplures
1957 1762 2061 1829 sunt

437 1857 683 1968 vulneribus
702 1853 859 1957 affecti,
895 1859 943 1939 in
967 1858 1061 1969 quis
1082 1857 1208 1940 etiam
1229 1852 1399 1940 Clodius
1419 1855 1638 1966 Arquitius
1656 1857 1705 1956 ⁷),
1740 1857 1854 1940 inter
1874 1885 1978 1968 quos
1998 1861 2061 1942 ita

437 1975 675 2058 comminus
695 1988 754 2056 est
774 1987 1026 2085 pugnatum,
1062 1986 1110 2053 nt
1136 1997 1188 2052 ex
1216 1971 1367 2052 nostris
1394 1986 1560 2080 praeter
1585 1967 1688 2064 duos
1713 1973 1978 2059 centuriones
2004 1977 2060 2056 sit

353 2095 414 2184 24
439 2116 567 2174 nemo
588 2085 852 2186 desideratus,
871 2081 1004 2199 gloria
1023 2111 1066 2168 se
1087 2080 1319 2168 efferentes
1340 2099 1343 2106 ’
1378 2083 1545 2170 Postero
1563 2075 1635 2168 die
1656 2083 1708 2168 ab
1721 2085 1926 2173 Soricaria
1939 2105 2059 2171 utro-

438 2229 621 2316 rumque
641 2209 878 2284 convenere
898 2201 1051 2310 copiae
1109 2199 1250 2283 Nostri
1270 2196 1440 2283 brechia
1460 2195 1612 2284 ducere
1634 2219 1875 2311 coeperunt.
1931 2199 2059 2286 Pom-

469 2321 557 2402 eius
583 2343 680 2400 cnm
710 2309 1061 2400 animadverteret
1088 2311 1251 2396 castello
1277 2341 1320 2396 se
1342 2309 1515 2396 'excludi
1542 2315 1738 2432 Aspavia,
1774 2315 1887 2428 quod
1914 2333 1975 2408 est
2003 2319 2060 2400 ab

438 2348 579 2516 l'cubi
598 2429 716 2514 milia
736 2425 1020 2542 passuumV.,
1053 2425 1158 2513 haec
1173 2454 1243 2510 res
1260 2428 1492 2526 necessario
1512 2425 1754 2529 devocabat,
1789 2447 1835 2512 ut
1857 2427 1909 2512 ad
1929 2429 2060 2518 dimi-

438 2545 621 2632 candum
642 2543 928 2630 descenderet?
973 2569 1113 2654 neque
1140 2559 1290 2626 tamen.
1313 2569 1448 2654 aequo
1477 2540 1564 2626 loco
1585 2545 1652 2626 eui
1670 2560 1914 2655 potestatem
1932 2545 2058 2631 lacie-

437 2661 527 2763 bat·,
554 2659 624 2744 sed
649 2690 700 2744 ex
718 2686 869 2774 grumo
890 2655 1099 2741 excelsum
1120 2656 1330 2739 tumulum
1352 2655 1542 2769 capiebat
1562 2683 1695 2769 usque
1714 2685 1782 2759 eo,
1810 2677 2059 2746 utnecmsa-

363 2825 375 2836 ·
436 2778 502 2861 rio
524 2791 740 2889 cogeretur
758 2775 958 2885 iniquum
980 2769 1118 2853 locum
1138 2771 1291 2854 subire.
1349 2769 1445 2872 Quo
1465 2769 1518 2854 de
1538 2770 1644 2855 facto
1664 2801 1761 2858 curn
1779 2791 2059 2887 utrorumque

438 2892 580 3002 copiae
604 2886 814 2972 tumulum
835 2883 1109 3002 excellentem
1129 2887 1345 2997 petissent,
1382 2883 1583 2997 prohibiti
1608 2915 1631 2970 e
1654 2890 1803 2971 nostris
1823 2905 1921 2974 sunt
1942 2888 2059 2974 deie-

438 3007 494 3088 cti
513 3007 545 3110 8)
565 3002 758 3115 plenitic;
801 3027 910 3114 quae
931 3025 997 3084 res
1016 2999 1248 3083 secundum
1267 3002 1415 3084 nostris
1437 2995 1640 3085 efficiebat
1661 3001 1888 3113 proelium:
1929 3003 2058 3090 undi-

438 3147 521 3233 que
539 3120 571 3195 9)
598 3116 840 3202 cedentibus
869 3112 1116 3199 adversariis
1144 3141 1232 3197 non
1261 3139 1411 3227 parum
1433 3115 1481 3191 10)
1509 3139 1661 3230 magna
1691 3119 1743 3200 in'
1767 3117 1895 3202 caede
1918 3145 2058 3206 versa·

436 3231 610 3332 banton
647 3231 799 3346 quibus
821 3256 960 3330 mons,
982 3255 1079 3312 *non
1102 3231 1251 3328 virtus,
1279 3228 1401 3312 saluti
1422 3227 1521 3330 fuit3
1558 3227 1845 3341 quosubsidio
1867 3235 1937 3336 11),
1973 3238 2059 3339 nisi

437 3345 757 3458 advesperasset,
801 3371 826 3426 a
847 3341 1116 3454 paucioribus
1141 3345 1293 3426 nostris
1319 3345 1439 3426 omni
1467 3342 1699 3428 12tauxitto
1727 3348 1886 3457 privati·
1909 3369 2056 3436 essem.

248 3469 252 3478 '
377 3475 380 3480 '
435 3461 549 3545 Nom
592 3458 832 3544 ceciderunt
874 3481 928 3540 ex
969 3455 1054 3540 levi
1073 3487 1077 3500 ·
1097 3475 1307 3543 annatura
1340 3451 1662 3559 coemit,
1720 3487 1772 3544 ex
1818 3459 2058 3576 legionariis

400 3593 404 3600 '
436 3572 728 3661 CXXXVIII.
749 3573 798 3651 ts)
818 3585 1112 3684 praeterquam
1127 3597 1310 3683 quorum
1329 3599 1449 3658 arma
1470 3588 1511 3654 et
1529 3571 1661 3684 spolia
1681 3593 1780 3658 sunt
1799 3574 1934 3662 allate.
1990 3576 2079 3679 Ita¹

465 3689 573 3776 ridie
590 3689 770 3774 duorum
791 3687 840 3764 tt)
861 3687 1157 3772 centurionum
1181 3687 1368 3772 interitio
1390 3685 1468 3772 hac
1486 3685 1819 3773 adversariorum
1838 3719 1976 3803 poena
1996 3712 2058 3778 ost

351 3811 411 3902 25
435 3719 564 3892 itata.
618 3802 865 3916 Insequenti
885 3798 955 3884 die
974 3802 1067 3912 pari
1089 3800 1390 3886 consuetudine
1412 3827 1509 3886 cum
1529 3800 1580 3885 ud
1603 3801 1788 3886 eundem
1807 3803 1946 3890 locum
1966 3809 2057 3894 eius

434 3914 692 4034 praesidium
713 3917 903 4016 vennset,
920 3916 1101 4028 pristino
1120 3915 1193 4000 illo
1213 3944 1288 4000 suo
1311 3913 1536 4002 utebantur
1556 3917 1757 4002 instituto.
1800 3919 2055 4034 Nem-prae-

315 4037 342 4070 ”
435 4053 498 4121 ter
518 4035 678 4148 equites
698 4029 816 4118 nullo
835 4028 924 4114 loco
945 4055 1080 4143 ecquo
1099 4058 1144 4116 se
1162 4032 1424 4116 committere
1444 4028 1665 4137 audebant.
1722 4031 1834 4118 Cum
1853 4039 1984 4122 nostri
2005 4039 2055 4124 in

433 4177 561 4265 opere
580 4165 735 4251 essem,
771 4147 963 4262 equitum
990 4147 1134 4260 copiae
1160 4173 1383 4262 concursus
1407 4145 1542 4232 facere
1563 4147 1810 4260 coeperunt,
1843 4150 2056 4266 simulque

535 4417 604 4486 ni,
629 4416 726 4483 oet
739 4433 841 4504 qum
891 4411 1124 4503 ‘’purumper
1137 4412 1307 4503 ingressus
1354 4412 1552 4482 ⁴’interiore
1608 4414 1632 4468 1)
1648 4411 1728 4482 dum
1747 4387 1898 4506 cupidius
1956 4417 2054 4494 'tux

433 4523 488 4592 iric
531 4509 742 4610 'liquidum
787 4516 815 4570 ⁸>
831 4513 1018 4604 delectique
1066 4513 1388 4606 obtorquentur
1439 4515 1694 4603 'lindissem
1707 4519 1836 4604 nonni·
1861 4519 1897 4574 ¹¹³
1909 4521 2054 4596 subidio

431 4635 524 4712 tuae,
575 4621 610 4677 11)
626 4619 782 4711 omnique
834 4619 869 4672 ¹³)
888 4616 1114 4688 oxxntxe
1165 4618 1200 4672 ¹⁴³
1218 4617 1260 4688 tt
