4450 5518
457 386 463 396 ’
637 427 733 538 'nn-
751 426 909 496 nanto
936 426 1259 512 nrsrsnrnusr.
1708 425 1772 504 ιι
1907 524 1914 537 Ι

149 661 264 746 inter
284 632 610 771 utraque-castra
632 653 934 755 intercedebat,
962 657 1126 740 circiter
1141 653 1260 742 milia
1276 671 1469 772 passuum
1485 654 1556 756 tt,
1585 675 1637 742 ut
1652 661 1772 744 auxi·

150 774 206 860 lia
229 773 417 886 Pompeii
438 772 600 856 duabus
619 770 946 884 defenderentur
967 771 1108 870 rebus,
1136 770 1281 882 oppidi
1298 770 1446 855 excelsi
1460 788 1500 870 et
1516 771 1595 856 loci
1609 791 1771 860 natura.

151 889 263 974 Hinc
282 888 467 1003 dirigens
486 890 677 999 proxima
691 885 902 998 planities
915 887 1188 998 aequabatur,
1222 887 1340 970 cuius
1360 885 1580 970 decursum
1602 906 1771 974 antece-

150 1003 275 1102 debat
294 1006 419 1103 rivus,
448 1006 523 1114 qui
544 1001 764 1088 adeorum
786 1029 990 1084 accessum
1013 1028 1221 1111 sutnmam
1245 998 1443 1084 efficiebat
1468 1001 1546 1084 loci
1564 1004 1770 1114 iniquita·

150 1135 258 1220 tem;
300 1127 399 1202 narn
422 1117 594 1230 palustri
615 1133 655 1201 ct
677 1118 921 1228 voraginoso
945 1114 1031 1200 solo
1059 1143 1232 1200 currens
1258 1131 1347 1200 erat
1373 1114 1426 1199 ad
1454 1115 1662 1203 dextrum.
1720 1116 1770 1204 Id

147 1231 261 1346 quod
291 1230 442 1316 Caesar
472 1234 500 1307 1)
528 1259 624 1316 cum
654 1233 786 1314 aciem
815 1228 1016 1315 directam
1044 1229 1229 1329 v'idisset,
1288 1219 1552 1314 non'lsabuit
1579 1230 1770 1335 dubium,
1834 1237 1837 1252 '

149 1351 256 1462 quin
284 1346 424 1432 media
452 1345 629 1459 planitie
655 1347 702 1427 in
734 1373 914 1456 aequum
941 1343 995 1428 ad
1015 1343 1313 1430 dimicandum
1326 1342 1551 1460 adversarii
1572 1347 1770 1458 procede-

148 1481 257 1548 rent.
315 1460 412 1544 ,Hoc
430 1478 519 1546 erat
540 1465 585 1544 in
607 1462 803 1544 omnium
825 1469 1058 1571 conspectu.
1122 1458 1215 1556 Huc
1235 1458 1469 1561 accedebat,
1497 1478 1544 1560 ut
1565 1459 1677 1545 locus
1697 1461 1771 1548 illa

148 1571 324 1690 planitie
347 1577 580 1688 equitatum
601 1593 789 1674 ornaret,
818 1591 859 1657 et
877 1573 963 1657 diei
983 1573 1162 1685 solisque
1180 1577 1398 1673 serenitas,
1428 1591 1474 1658 ut
1488 1571 1713 1660 mirificum
1729 1595 1771 1661 et

148 1691 380 1804 optandum
403 1709 567 1802 tempus
588 1717 718 1801 prope
740 1689 792 1772 ab
815 1688 895 1773 diis
920 1689 1215 1774 inmortalibus
1239 1687 1350 1773 illud·
1364 1689 1570 1794 tributum
1594 1708 1694 1775 esset
1717 1689 1770 1774 ad

148 1806 356 1920 proelium
372 1803 735 1890 committendum.
786 1801 925 1887 Nostri
940 1804 1103 1904 laetari,
1121 1803 1319 1887 nonnulli
1334 1806 1459 1890 etiarn
1475 1806 1636 1904 timere,
1656 1803 1784 1916 qnod¹

148 1925 195 2024 in
218 1949 316 2008 eunt
339 1921 476 2004 locum
500 1948 566 2005 res
588 1919 863 2029 fortunaeque
890 1921 1086 2002 omnium
1107 1915 1430 2017 deducerentur,
1466 1929 1530 2016 ut,
1567 1917 1771 2033 quiequid

147 2053 239 2149 post
267 2035 412 2126 horam
440 2061 556 2118 casus
582 2032 806 2130 tribuisset,
823 2107 825 2110 .
841 2036 888 2116 in
919 2032 1047 2116 dubio
1075 2050 1314 2144 poneretur.
1381 2032 1529 2144 Itaque
1556 2038 1688 2120 nostri
1714 2032 1769 2122 ad

149 2149 437 2244 dimicandum
453 2147 702 2261 procedunt;
733 2146 774 2230 id
790 2147 900 2257 quod
916 2146 1171 2231 adversarios
1187 2145 1526 2232 existimabamus
1540 2177 1625 2232 esse
1638 2147 1776 2234 factu·v
1915 2229 1919 2240 ,
1995 2156 2007 2178 '

136 2292 250 2367 ‚rost
277 2269 353 2378 qui
378 2283 519 2346 tamen
546 2293 567 2346 a
590 2264 830 2344 munitione
856 2261 1001 2374 oppidi
1018 2262 1049 2339 2)
1079 2261 1241 2376 longius
1269 2289 1356 2345 non
1387 2260 1596 2346 audebant
1654 2291 1770 2350 roce-

124 2379 267 2480 ,dere·,
299 2382 346 2461 in
370 2404 454 2490 quo
473 2378 556 2460 sibi·
575 2405 705 2488 prope
728 2403 897 2484 murum
921 2375 1168 2461 adversariis
1187 2379 1220 2454 8)
1247 2376 1564 2460 constituebant.
1621 2293 1769 2491 llaque

132 2495 279 2578 -nostri
299 2489 541 2604 procedunt.
600 2486 818 2575 interdurn
843 2494 1030 2600 aequitas
1051 2489 1130 2572 loci
1151 2489 1407 2573 adversarios
1428 2487 1693 2602 efflagitabat,
1723 2510 1770 2576 ut

148 2605 490 2693 taliconditione
518 2601 824 2697 contenderent
850 2603 902 2684 ad
932 2605 1168 2701 victoriam,
1217 2629 1355 2714 neque
1380 2620 1521 2686 tamen
1553 2603 1616 2692 illi
1643 2635 1667 2690 a
1694 2634 1770 2694 sua

148 2719 449 2811 consuetudine
470 2716 743 2814 decedebant,
759 2733 821 2814 ut
842 2734 913 2800 aut
934 2716 1166 2800 atexoetso
1189 2716 1296 2814 loco,
1326 2733 1395 2800 aut
1415 2718 1447 2794 4)
1466 2719 1621 2828 oppido
1637 2719 1768 2806 disce-

140 2835 306 2922 ¹darent.
392 2835 534 2918 Nostri
561 2829 667 2944 pede
700 2857 834 2944 presso
862 2834 1033 2943 propius
1059 2835 1199 2915 rivum
1227 2859 1322 2916 cum
1353 2836 1768 2944 appropinquassent,

148 2950 373 3035 adversarii
401 2949 658 3060 patrocinari
692 2945 780 3028 loco
809 2948 961 3056 iniquo
991 2973 1077 3028 non
1107 2944 1316 3036 desinunt.
1389 2943 1488 3028 Erat
1516 2951 1622 3032 acies
1647 2946 1767 3034 ΧΙΙΙ.
1793 2951 1853 3038 30
1959 2979 1970 3007 ²

147 3063 300 3178 aquilis
321 3065 562 3159 constituta,
596 3089 704 3172 quae
735 3058 929 3148 lateribus
956 3062 1142 3170 equitatu
1170 3059 1383 3172 tegebatur
1406 3085 1503 3142 oum
1526 3060 1609 3145 levi
1629 3090 1768 3148 arma-

147 3197 259 3279 tura,
297 3175 467 3260 milibus
486 3176 517 3253 6)
541 3173 637 3264 XI.
679 3174 893 3262 Praeterea
919 3171 1139 3256 auxiliares
1157 3173 1410 3280 ,accedebant
1435 3203 1566 3287 prope
1588 3176 1765 3264 alterum
1892 3268 1909 3290 ..

149 3309 325 3378 tanturn.
384 3291 532 3374 Nostra
555 3288 758 3402 praesidia
777 3285 959 3376 LXXX.
980 3287 1216 3372 cohortibus
1231 3286 1493 3374 vlit-mitta,
1511 3279 1705 3401 equiturn-
1723 3295 1768 3378 6).

147 3407 209 3494 Ita
230 3434 326 3492 cum
350 3409 397 3489 in
420 3423 603 3489 extrema
623 3403 798 3516 planitie
819 3406 1018 3514 iniquum
1047 3405 1093 3485 in
1126 3402 1263 3489 locum
1286 3407 1414 3486 nostri
1436 3408 1767 3518 appropinquas-

147 3539 257 3624 sent,
287 3541 453 3634 paratus
470 3517 597 3602 bostis
618 3536 705 3602 erat
726 3520 934 3630 superior,
954 3535 1016 3600 ‘ut
1045 3516 1291 3601 transeundi
1316 3521 1505 3628 'superius
1533 3522 1615 3602 iter
1640 3520 1766 3606 vehe-

147 3653 314 3723 menter
329 3653 437 3718 tesset
458 3632 762 3746 periculosum..
807 3629 929 3734 Quod
950 3661 1047 3716 cum
1070 3631 1284 3720 eCaesare
1299 3649 1399 3715 esset
1414 3633 1767 3737 animadversum,

147 3743 329 3864 nequid
352 3768 508 3834 temere
531 3747 650 3859 culpa
673 3751 704 3826 7)
724 3768 838 3830 secus
859 3745 1167 3845 admitteretur,
1199 3775 1295 3830 curn
1320 3745 1454 3831 locum
1477 3745 1653 3832 definire
1672 3779 1767 3834 coe·

74 3931 80 3938 -
148 3872 221 3984 pit.
280 3863 404 3967 Quod
425 3892 521 3948 cum
543 3861 767 3946 hominum
788 3863 961 3947 auribus
980 3867 1081 3944 es'set
1103 3863 1331 3958 obiectum,
1366 3861 1534 3944 moleste
1558 3879 1597 3945 et
1619 3863 1767 3950 acerbe

149 3980 409 4095 accipiebant
429 4007 473 4061 se
492 3975 711 4090 impediri,
728 4004 812 4090 quo
829 3979 970 4060 minus
986 3975 1191 4088 proelium
1207 3973 1408 4058 conficere
1422 3993 1596 4088 possent.
1654 3976 1769 4064 Haec

148 4126 266 4184 mora
286 4092 541 4180 adversarios
561 4090 779 4182 alacriores
800 4090 1015 4190 efficiebat,
1037 4091 1222 4174 Caesaris
1240 4093 1377 4202 copias
1397 4092 1545 4173 timore
1566 4092 1766 4204 impediri
1910 4163 1916 4176 .

148 4211 200 4300 ad
222 4203 570 4316 consmittendum
591 4206 811 4319 proelium.
869 4205 931 4290 Ita
957 4235 1001 4289 se
1031 4203 1251 4288 efferentes
1273 4208 1427 4315 'iniquo
1456 4203 1544 4288 lo'ro
1565 4209 1630 4290 sui
1648 4223 1791 4318 pote-'-

147 4345 292 4414 statem
317 4321 551 4408 efficiebant
575 4323 625 4422 8),
643 4337 705 4414 Ιιιι
726 4347 879 4437 magno
901 4337 1041 4404 tamen
1064 4318 1250 4433 periculo
1271 4347 1450 4404 accessus
1470 4319 1767 4437 narum-habe-
1883 4357 1886 4362 ·

171 4667 173 4670 Ι
224 4585 245 4639 ¹)
262 4583 429 4652 dextrum.
456 4553 642 4647 EtCaesar
676 4579 700 4631 ²>
716 4577 827 4668 oppidi
843 4577 918 4644 mile
934 4577 1079 4665 passibus
1115 4576 1139 4630 ⁸>
1155 4575 1333 4662 adversarii
1351 4551 1574 4662 proeliandum
1612 4577 1766 4648 ⁴lautttlt

148 4689 170 4740 'l
186 4697 354 4758 armatura
368 4682 499 4751 milibus
535 4682 558 4735 ‘l
574 4680 774 4765 cohortibus,
787 4673 823 4749 e't
837 4679 1061 4770 llil-milibus
1074 4678 1234 4782 equitum.
1276 4680 1299 4728 ⁷)
1315 4677 1481 4766 culpasse
1523 4678 1724 4748 tinniebant
