4450 5518
526 504 531 518 ·
665 461 916 534 unnotho
943 460 1267 531 HISPANIENSI.
1713 465 1775 536 n

1439 633 1461 665 κ
1990 617 2003 664 l

156 713 258 780 runt
280 693 418 778 CXX.
438 709 479 778 et
497 692 549 778 ad
571 679 790 778 Gaesarem
812 711 1035 778 venerunt
1094 689 1183 776 Hoc
1196 694 1420 804 praeterito
1435 683 1711 805 temporequi
1728 695 1776 779 in
1800 701 1859 788 22

157 807 311 924 oppido
336 814 492 924 Ategua
514 809 847 906 Bursauonenses
865 813 898 886 t)
926 813 1035 922 eapti
1062 825 1177 906 sunt,
1223 807 1345 922 legati
1366 808 1537 919 proiecti
1559 826 1658 892 sunt
1679 837 1776 895 cum

158 927 326 1022 noenia,
357 927 418 1018 nti
439 949 529 1008 rem
549 941 703 1040 gestam
727 923 1113 1029 Bursavonenpibus
1133 926 1164 1000 2)
1185 922 1408 1021 referrent,
1437 922 1541 1035 quid
1561 942 1775 1034 sperarent

157 1034 210 1120 de
239 1033 320 1120 Cn.
347 1037 561 1152 Pompeio,
606 1066 703 1122 curn
732 1039 924 1124 viderent
956 1038 1135 1151 hospites
1163 1037 1362 1151 iugulari3
1403 1057 1615 1149 praeterea
1644 1037 1775 1122 multa

156 1149 308 1236 seelera
330 1150 382 1232 ab
392 1151 466 1266 -bis
485 1149 646 1254 3l‘lieri,
683 1153 976 1266 quipraesidii
995 1182 1114 1238 causa
1137 1151 1189 1234 ab
1212 1155 1263 1235 iis
1281 1153 1313 1230 4)
1333 1150 1630 1263 reciperentur.
1691 1151 1776 1253 Qui

157 1291 253 1349 cum
283 1264 334 1347 ad
356 1263 559 1375 oppidum
582 1269 812 1369 venissent,
851 1271 1001 1366 nostri,
1037 1271 1112 1379 qni
1140 1266 1311 1350 luissent
1336 1271 1498 1377 equites
1525 1267 1708 1350 Romani
1734 1285 1775 1352 et

156 1387 391 1475 senatores,
415 1403 503 1460 non
523 1393 622 1460 sunt
642 1377 730 1459 ausi
751 1375 929 1470 introire
950 1381 996 1462 in
1018 1379 1238 1490 oppidum,
1275 1397 1566 1492 praeterquam
1590 1384 1666 1492 qui
1687 1383 1790 1467 eius·
1902 1485 1905 1490 1

157 1497 333 1579 civitatis
355 1491 538 1574 luissent.
598 1489 790 1591 Quorum
812 1495 1019 1603 responsis
1039 1491 1148 1575 ultro
1170 1493 1357 1604 citroque
1378 1500 1554 1606 acceptis
1569 1513 1614 1577 et
1636 1493 1776 1581 reddi·
1918 1573 1922 1578 .

157 1611 228 1709 tis,
256 1604 425 1691 eumad
449 1622 608 1689 nostros
628 1633 675 1688 se
692 1609 945 1717 reciperent,
981 1609 1193 1718 quiextra
1215 1607 1418 1719 oppidum
1441 1607 1630 1704 fuissent,
1661 1609 1775 1693 ittitt
1830 1697 1849 1707 ,,
1975 1689 1978 1700 .

157 1722 362 1837 praesidio
381 1723 560 1804 insecuti
581 1749 634 1803 ex
656 1723 871 1804 aversione
893 1719 1044 1834 legatos
1063 1720 1316 1834 iugularunt.
1381 1722 1476 1806 Duo
1499 1721 1670 1836 reliqui,
1699 1727 1776 1838 qui

158 1869 210 1923 ex
238 1841 296 1921 eis
322 1836 536 1949 fugerunt,
580 1831 747 1918 Caesari
776 1862 867 1919 rem
895 1835 1050 1948 gestam
1078 1835 1318 1919 detulerunt
1351 1854 1391 1920 et
1419 1839 1692 1950 speculatores
1720 1837 1775 1925 ad

156 1941 359 2066 oppidum
383 1953 586 2064 Ateguam
613 1951 830 2062 miserunt.
896 1947 982 2051 Qui
1004 1979 1101 2034 curn
1122 1968 1281 2034 certum
1304 1956 1602 2064 comperissent
1623 1953 1774 2068 legato-

156 2087 255 2152 rum
274 2091 469 2178 responsa
490 2068 547 2150 ita
569 2091 654 2148 esse
670 2077 801 2178 gesta,
830 2063 1187 2177 quemadmodum
1208 2064 1270 2149 illi
1293 2066 1544 2168 retulissent,
1580 2067 1632 2170 ab
1654 2071 1776 2183 oppi-

157 2182 277 2268 danis
297 2206 500 2264 concursu
520 2179 625 2263 facto
644 2207 761 2281 eum,
805 2182 879 2291 qui
900 2178 1050 2294 legatos
1071 2179 1308 2294 iugulasset,
1352 2179 1538 2292 lapidare
1561 2202 1601 2267 et
1622 2186 1663 2268 ei
1685 2213 1775 2270 ma-

156 2317 237 2383 nus
257 2300 469 2380 intentare
489 2301 734 2406 coeperunt:
749 2292 875 2378 illius
888 2321 1014 2408 opera
1028 2323 1071 2377 se
1084 2297 1249 2406 perisse.
1306 2291 1368 2378 Ita
1384 2299 1456 2380 vir
1469 2297 1656 2410 periculo
1671 2297 1774 2384 libe-
1795 2359 1802 2364 -

122 2442 123 2450 ¹
158 2431 270 2496 ratus
290 2411 409 2522 petiit
431 2409 483 2493 ab
504 2407 743 2522 oppidanis,
771 2426 819 2492 ut
838 2410 879 2492 ei
898 2407 1038 2522 liceret
1055 2406 1233 2524 legatum
1250 2407 1301 2492 ad
1317 2407 1537 2495 Caesarem
1553 2411 1773 2525 proficisci:

122 2615 125 2620 ,
155 2525 219 2612 illi
237 2555 281 2612 se
300 2523 614 2613 satisfacturum.
672 2522 872 2607 Potestate
894 2523 987 2607 data
1009 2551 1106 2608 curn
1136 2523 1237 2607 inde
1263 2541 1366 2608 amet
1394 2527 1616 2638 proiectus,
1651 2555 1774 2641 praa-

156 2639 261 2725 sidio
282 2655 535 2750 cornparato,
564 2665 660 2724 cum
682 2639 792 2724 bene
814 2647 1011 2752 magnam
1024 2663 1201 2724 manunt
1218 2638 1376 2722 fecisset
1391 2659 1432 2722 et
1446 2660 1652 2726 nocturno
1666 2661 1774 2727 tem·
1825 2697 1829 2706 .

157 2781 258 2870 pore
277 2777 353 2867 per
370 2753 574 2837 fallaciam
595 2756 647 2836 in
663 2753 866 2866 oppidum
890 2770 992 2837 esset
1014 2771 1219 2864 receptus,
1248 2754 1551 2869 iugulationem
1575 2783 1773 2869 maguam
1883 2823 1888 2832 .

156 2873 254 2957 tacit
273 2869 637 2982 principibusque,
675 2872 751 2980 qni
773 2870 853 2952 sibi
869 2871 1074 2953 wcontrarii
1095 2868 1285 2971 luissent,
1321 2869 1549 2956 interiectis
1568 2871 1772 2984 oppidum

155 2991 203 3072 in
222 3005 349 3068 'suam
378 2999 628 3095 potestatem.
648 2985 804 3094 recepit
817 2985 866 3066 θ).
931 2981 1019 3066 Hoc
1039 2985 1262 3096 praeterito
1292 3001 1480 3097 tempore
1504 2991 1614 3070 servi
1638 3005 1773 3072 trans-
1901 3063 1915 3078 .

155 3102 277 3216 fugae
299 3102 606 3186 nuntiaverunt
624 3095 933 3208 oppidanorum
954 3097 1064 3182 bona
1086 3097 1288 3200 vendere,
1305 3127 1387 3182 nec
1402 3103 1469 3184 cui
1485 3118 1599 3185 extra
1614 3102 1773 3188 vallum

151 3217 281 3300 licere
309 3217 442 3312 exire,
478 3215 561 3296 nisi
587 3210 856 3312 discinctum,
890 3211 1046 3296 idcirco
1072 3212 1186 3326 quod
1203 3216 1253 3314 ⁷),
1290 3241 1342 3298 ex
1369 3239 1453 3325 quo
1477 3212 1548 3297 die
1568 3215 1773 3328 oppidum

156 3334 317 3444 Ategua
337 3345 438 3412 esset
459 3345 638 3440 captum,
668 3343 783 3409 metu
804 3329 1049 3412 conterritos
1067 3327 1300 3439 complures
1319 3329 1537 3442 profugere
1559 3333 1607 3414 in
1625 3331 1773 3416 Bratu-

155 3449 284 3546 riam,
321 3437 460 3555 neque
477 3443 559 3525 sibi
582 3440 712 3542 ullam
733 3470 850 3555 spem
870 3433 1068 3527 victoriae
1089 3443 1341 3555 propositam
1364 3442 1536 3546 habere;
1579 3463 1621 3530 et
1641 3447 1677 3530 si
1697 3449 1773 3560 qui

156 3591 209 3644 ex
227 3557 378 3644 nostris
400 3557 697 3670 transfugerint
716 3555 767 3657 ⁸),
796 3560 842 3643 in
860 3555 996 3640 levem
1010 3575 1265 3641 armaturam
1281 3560 1452 3658 coniici,
1482 3580 1770 3674 eumquesnon

156 3673 335 3786 amplius
353 3669 495 3755 XVII.
515 3673 547 3747 ⁹)
572 3673 775 3783 accipere,
831 3669 1076 3782 Insequenti
1100 3688 1289 3786 tempore
1309 3671 1461 3756 Caesar
1481 3677 1620 3758 castris
1641 3695 1771 3762 caure
1794 3685 1853 3774 m

155 3787 331 3875 contulit
359 3803 400 3872 et
426 3784 643 3869 brachium
672 3783 724 3869 ad
745 3783 906 3869 flumen
929 3787 1091 3872 Salsum
1115 3787 1267 3870 ducere
1288 3789 1432 3898 coepit.
1496 3787 1576 3871 Hic
1597 3788 1700 3873 dum
1720 3793 1768 3876 in

155 3923 281 4018 opere
301 3903 433 3985 nostri
455 3899 623 3985 distenti
644 3919 796 4001 essent,
832 3902 1066 4012 complures
1094 3899 1152 3985 ex'
1171 3903 1384 4014 superiore
1405 3900 1496 3986 loco
1515 3902 1771 3991 adversario-

155 4043 251 4105 rum
280 4016 608 4100 dacucurrerunt
636 4041 715 4099 nec
748 4014 1033 4100 detinentibus
1063 4019 1290 4100 nostros10)
1320 4015 1461 4100 multis
1486 4017 1579 4101 telis
1606 4019 1771 4106 iniectis

23 4229 27 4240 1
155 4130 388 4244 complures
414 4129 658 4214 vulneribus
686 4126 872 4214 affecere.
940 4127 1019 4215 Hic
1038 4129 1142 4214 dum
1164 4131 1599 4233 austerrimus,
1635 4141 1773 4220 nostri

157 4279 314 4334 cessere
332 4276 581 4360 perrumpere,
620 4245 762 4356 itaque
783 4263 949 4356 praeter
967 4243 1313 4330 consuetudinem
1340 4273 1435 4329 cum
1459 4275 1482 4332 a
1505 4251 1656 4332 nostris
1676 4253 1772 4336 ani·

155 4361 422 4449 madversum
443 4377 544 4444 esset
564 4357 722 4459 cedere,
751 4362 1016 4472 centuriones
1030 4384 1083 4445 ex
1094 4359 1258 4476 legione
1274 4359 1327 4445 V.
1347 4359 1508 4446 flumen
1529 4367 1770 4480 transgressi
1903 4451 1905 4458 ,
1938 4393 1945 4400 ·

61 4691 66 4698 .
232 4621 254 4673 ¹)
271 4615 525 4688 Bursavolenaes
573 4615 907 4706 ”Bumrnlensibur
955 4617 979 4671 Ι)
995 4617 1035 4684 iis
1084 4617 1107 4667 ⁴>
1124 4611 1193 4686 laia*
1224 4619 1251 4672 Ι)
1264 4611 1375 4706 illt'de
1425 4619 1448 4674 a)
1465 4620 1582 4710 mapa
1631 4623 1654 4674 n
1671 4619 1771 4690 jd&

154 4745 260 4815 coque
310 4722 334 4770 Β)
350 4721 566 4810 transfugerit
616 4721 640 4774 ο)
656 4719 741 4788 xtu
793 4719 828 4772 ¹⁰>
844 4722 860 4755 ⁸
877 4719 996 4788 nanti,
1053 4721 1087 4774 ¹1)
1105 4731 1216 4789 nm,
1368 4747 1371 4754 ·
1562 4708 1565 4716 ’
1697 4749 1701 4756 ,

1318 4827 1368 4896 2'
1416 4869 1418 4872 -
