4450 5518
470 439 535 522 1⁰
1090 433 1467 506 COMMENTARIVS

467 669 626 758 rnnts)
662 668 864 750 acerrime
897 682 939 748 et
968 667 1120 748 turrim
1150 679 1353 764 nostram,
1394 682 1441 748 ut
1467 663 1746 775 superiorem,
1787 658 2082 772 incenderunt,

465 785 620 873 ideirco
636 782 745 896 quod
760 783 933 866 ventum
946 779 1150 891 oppidani
1169 778 1401 864 secundum
1419 779 1683 864 habuerunt·
1724 775 1970 888 Insequenti
1991 773 2083 858 luce

317 985 319 989 .
468 898 779 986 materfamilias
799 894 850 978 de
871 924 993 991 muro
1012 925 1055 978 se
1076 892 1226 979 deiecit
1247 893 1360 979 etad
1385 922 1459 982 nos
1479 887 1676 978 transiliit
1700 890 1891 1003 dixitque
1913 920 1957 975 se
1985 917 2084 974 eum

394 1053 395 1058 ¹
469 1017 627 1102 larrrilia
641 1015 909 1096 constitutum
927 1010 1134 1112 habuisse,
1149 1026 1195 1092 ut
1208 1037 1292 1102 una
1308 1008 1613 1124 transfugerent
1629 1004 1681 1090 ad
1697 1004 1936 1092 Caesarem:
1965 1004 2082 1090 illam

467 1157 702 1244 oppressam
733 1125 1040 1242 etiugulatatn.
1106 1122 1196 1206 Hoc
1222 1141 1435 1236 praeterea
1463 1141 1652 1234 temporo
1678 1119 1853 1206 tabellae
1881 1119 1934 1203 de
1961 1147 2090 1227 muro,

333 1290 335 1294 ·
466 1267 564 1332 sunt
585 1244 785 1340 deiectae,
813 1243 859 1324 iu
882 1239 1035 1352 quibus
1047 1241 1248 1350 scriptum
1265 1241 1591 1322 estinventums
1609 1241 1664 1348 L.
1681 1238 1904 1320 Munatium
1924 1238 1953 1314 2)
1969 1237 2083 1321 'Cae-

465 1369 568 1446 scri.
628 1358 680 1443 St
699 1359 804 1440 milti
821 1363 951 1440 citam
973 1357 1150 1455 tribues,
1184 1361 1384 1469 quoniam
1405 1387 1433 1438 o
1453 1356 1485 1431 3)
1507 1354 1587 1466 Cn.
1605 1356 1811 1464 Pompeio
1833 1383 1924 1436 mm
1945 1355 2083 1436 deser·

246 1561 258 1594 .—
466 1489 552 1582 ius,
572 1513 574 1518 ·
594 1475 762 1590 qualem
781 1503 846 1552 mc
868 1473 936 1552 illi
948 1476 1165 1582 praestiti,
1206 1473 1287 1552 tati
1304 1476 1461 1554 virtute
1483 1481 1524 1552 et
1545 1474 1784 1574 constantia
1806 1467 1999 1580 funerum
2018 1497 2084 1548 mc

384 1637 386 1642 v
466 1599 512 1676 in
533 1602 574 1674 te
593 1589 837 1702 praestabo.
857 1602 858 1606 '
899 1583 1059 1668 Eodem
1082 1602 1269 1697 tempore
1289 1583 1490 1696 oppidani
1509 1583 1541 1660 4)
1563 1581 1712 1696 legati,
1733 1585 1806 1694 qui
1825 1577 1947 1664 antea
1970 1584 2086 1692 exie-

444 1723 579 1810 rant,
613 1702 833 1786 Caesarem
862 1696 1074 1782 adierunt:
1109 1701 1144 1782 si
1169 1699 1250 1782 sibi
1279 1701 1407 1784 vitam
1437 1696 1700 1798 concederet,
1735 1725 1821 1780 sese
1842 1698 2086 1810 insequenti

465 1820 555 1906 luce
575 1819 607 1897 ὃ)
633 1814 834 1930 oppidum
865 1841 949 1896 esse
978 1811 1198 1898 dedituros.
1256 1807 1420 1912 Quibus
1447 1810 1662 1921 respondit
1687 1841 1731 1894 se
1752 1807 1971 1896 Caesarem
1999 1840 2086 1904 esse

465 1935 676 2044 fidemque
702 1946 1019 2042 praestaturum.
1084 1923 1146 2009 Ita
1167 1923 1401 2008 antediem
1423 1923 1500 2026 XI.
1523 1923 1619 2010 Kal.
1641 1925 1782 2012 Martii
1801 1924 1956 2037 oppido
1975 1929 2085 2036 poti-

383 2061 444 2153 ffl
467 2070 532 2136 tus
552 2052 786 2161 imperator·
799 2061 858 2128 est
876 2041 1115 2154 appellatus.
1184 2037 1306 2141 Quod
1330 2039 1550 2150 Pompeius
1565 2068 1624 2124 ex
1647 2037 1829 2154 perfugis
1849 2068 1945 2124 cum
1964 2038 2087 2124 dedi-

448 2170 625 2264 tionem
648 2159 793 2273 oppidi
816 2159 965 2243 iactam
988 2174 1071 2238 esse
1090 2155 1246 2254 scisset,
1275 2171 1403 2238 castra
1427 2154 1559 2245 movit
1573 2151 1756 2236 chbidr
1779 2181 1921 2236 versus
1941 2172 1981 2237 et
2002 2157 2087 2239 cir-

468 2309 564 2365 cum
602 2307 648 2360 ea
682 2275 768 2358 loca
802 2267 965 2366 castella
992 2268 1191 2380 disposuit
1220 2285 1261 2350 et
1290 2267 1599 2352 munitionibus
1626 2296 1669 2355 so
1696 2269 1915 2372 continere
1939 2272 2086 2379 coepit.

467 2395 619 2479 Caesar
640 2392 770 2476 movit
792 2406 832 2470 et
854 2387 1024 2500 propius
1038 2401 1167 2468 castra
1181 2381 1521 2466 castriscontulit.
1580 2379 1738 2464 Eodem
1756 2397 1942 2494 ternpore
1958 2411 2086 2468 mane

469 2510 667 2595 loricatus·
689 2531 798 2588 unus
826 2533 878 2584 ex
904 2496 1319 2612 legione-vernacula
1355 2495 1405 2580 ad
1442 2523 1518 2580 nos
1553 2493 1772 2610 transfugit
1803 2512 1852 2613 et·
1870 2499 2086 2583 nuntiavit

386 2661 391 2669 ·
467 2625 715 2736 Pompeium
734 2616 965 2730 oppidanos
983 2613 1220 2698 chbenses
1233 2627 1476 2696 convocasse
1496 2611 1639 2721 eisque
1659 2613 1716 2694 ita
1737 2613 2018 2721 imperavisse,
2039 2631 2086 2697 ut

449 2735 683 2854 diligentia
703 2732 889 2820 adhibita
910 2731 1218 2842 perquirerent,
1238 2728 1312 2838 qui
1336 2725 1470 2810 essent
1488 2752 1658 2830 suarum
1679 2727 1875 2836 partium,
1896 2721 2086 2838 itemque

463 2843 799 2942 adversariorum
823 2847 1020 2928 victoriae
1036 2843 1230 2927 lautores.
1274 2839 1377 2924 -Hoc
1397 2842 1618 2952 praeterito
1640 2843 1895 2951 temporeis
1917 2841 2086 2953 oppido,

467 2965 579 3085 quod
602 2966 681 3050 luit
700 2979 886 3074 captum,
915 2985 1058 3042 servus
1079 2973 1137 3039 est
1158 2981 1333 3068 prensus
1354 2953 1384 3032 6)
1407 2958 1453 3039 in
1475 2952 1688 3054 cuniculo,
1717 2949 1844 3066 quem
1864 2981 1989 3066 supra
2011 2955 2087 3040 de-

466 3081 790 3170 monstravimus
808 3070 1030 3160 dominum
1053 3071 1271 3184 iugulasse:
1299 3074 1334 3155 is
1355 3071 1475 3154 vivus
1496 3087 1554 3159 est
1575 3069 1824 3153 combustus.
1879 3065 2086 3184 Idemque

437 3275 440 3284 .
467 3197 672 3311 temporis
684 3193 953 3280 centuriones
983 3187 1142 3274 loricati
1165 3183 1332 3270 VIII.⁷)
1360 3184 1411 3268 ad
1441 3183 1662 3269 Caesarem
1692 3183 2004 3300 transfugerunt
2031 3215 2107 3270 ex.

467 3316 630 3430 legione
656 3301 900 3405 vernacula,
958 3299 998 3385 et
1033 3305 1193 3413 equites
1229 3301 1360 3402 nostri
1386 3326 1484 3384 curn
1513 3297 1845 3384 adversariorum
1873 3299 2086 3412 equitibus

466 3428 670 3541 congressi
685 3440 800 3520 sunt,
830 3438 871 3504 et
884 3419 1013 3502 saucii
1027 3417 1185 3528 aliquot
1198 3412 1441 3516 occiderunt
1455 3412 1540 3498 levi
1552 3415 1583 3490 8)
1602 3411 1826 3497 armatura.
1885 3411 1945 3498 Ea
1962 3433 2085 3506 nocte

403 3635 406 3642 ,
464 3541 738 3658 speculatores
765 3536 907 3648 prensi
927 3533 958 3618 ⁹)
984 3529 1092 3616 servi
1114 3528 1187 3614 III.
1211 3547 1250 3617 et
1278 3555 1388 3630 unus
1417 3557 1470 3632 ex
1496 3526 1659 3640 legione
1687 3525 1928 3627 vernacula:
1971 3531 2085 3614 servi

382 3669 437 3757 21
465 3676 563 3746 suut
582 3661 630 3742 in
649 3680 815 3738 crucem
837 3647 1006 3748 sublati,
1049 3641 1175 3730 militi
1195 3645 1374 3743 cervices
1393 3644 1583 3726 abscisae.
1647 3641 1812 3726 Postero
1832 3639 1901 3725 die
1924 3646 2086 3756 equites

467 3805 563 3860 oum
597 3772 681 3856 levi
714 3783 924 3852 armatura
962 3791 1014 3847 ex
1050 3759 1381 3854 adversariorum
1399 3761 1547 3856 vttatstrIs
1572 3755 1629 3840 ad
1654 3785 1730 3841 nos
1758 3756 2084 3872 transfugerunt.

467 3889 520 3974 Et
546 3916 595 3972 eo
625 3903 813 3996 tempore
838 3882 1002 3963 circiter
1030 3873 1108 3958 XI.
1134 3876 1294 3987 equites
1321 3870 1374 3956 ad
1402 3889 1622 3987 aquatores,
1647 3869 1807 3965 nos'tms
1832 3900 2084 3958 excucurre-

466 4022 585 4101 runt,
630 3995 857 4082 nonnullos
875 3991 1195 4089 interfecerunt,
1231 3991 1333 4072 item
1357 3985 1457 4072 alios
1478 3990 1594 4072 vivos
1614 3984 1898 4092 abdurerunt3
1943 3991 2084 4101 equi-

465 4123 542 4205 bus
561 4121 610 4194 10)
630 4116 738 4226 capti
752 4127 850 4196 sunt
863 4111 1022 4220 equites
1037 4103 1140 4189 VIII
1160 4106 1203 4188 7).
1260 4101 1507 4214 Insequenti
1520 4101 1589 4186 die
1603 4099 1825 4214 Pompeius
1837 4104 1971 4196 securi
1986 4131 2083 4216 per-

464 4238 585 4320 cussit
608 4229 801 4312 homines
822 4219 1062 4320 Lxxttu,
1089 4221 1167 4332 qui
1186 4217 1434 4323 dicebantur
1453 4245 1539 4306 esse
1558 4215 1736 4300 fautores
1751 4215 1937 4300 Caesaris
1954 4219 2083 4302 victo-

463 4355 571 4452 riae;
614 4344 798 4456 reliquos
825 4341 994 4424 versum
1015 4337 1062 4414 1¹)
1089 4332 1292 4446 oppidum
1321 4334 1438 4416 iussit
1466 4330 1635 4440 deduci;
1677 4361 1730 4414 ex
1751 4331 1903 4444 quibus
1923 4329 2081 4448 effuge-

565 4607 587 4659 Ι)
605 4592 810 4694 pugnatum*
838 4597 862 4652 ²)
878 4596 1047 4664 Masatos
1097 4525 1180 4657 m
1228 4591 1253 4643 ⁴)
1268 4589 1521 4679 oppidanorum¹
1558 4589 1582 4644 ὅ)
1599 4587 1653 4657 dia
1702 4588 1726 4644 θ)
1742 4575 1922 4678 prehensus
1967 4591 1990 4644 ⁷>
2005 4589 2079 4658 IIII

461 4713 485 4773 8)
500 4733 544 4780 ex.
564 4707 626 4777 levi
677 4708 701 4760 ⁹³
717 4701 869 4795 prehensi
921 4699 955 4751 ¹⁰)
975 4695 1195 4764 abduxerunt.
1222 4693 1281 4762 Ex·
1292 4693 1459 4782 equitibus
1509 4693 1544 4744 ¹¹)
1563 4693 1609 4794 iu·
2019 4683 2028 4688 ’
