4450 5518
444 359 480 433 4
608 337 610 344 ¹
767 371 768 376 ’
1002 343 1448 418 -contttnnranlvs
1543 379 1548 390 ·

292 641 296 650 ·
409 619 414 624 ·
448 589 630 675 minime
651 582 776 685 velle,
797 595 900 696 quo's
919 567 1121 694 quoniam
1144 565 1310 674 abvlla
1330 563 1560 662 retraxerat
1580 581 1625 676 1),
1655 594 1703 660 ut
1721 577 1769 662 in
1790 561 1973 692 aequum
1994 575 2073 664 de-

345 723 348 730 *
450 695 640 801 duceret,
652 702 782 813 copiis
800 697 979 784 flumine
998 694 1197 781 traductis
1217 696 1247 770 2)
1269 709 1395 778 noctu
1408 691 1526 804 iubet
1540 695 1657 806 ignes
1665 689 1762 778 lieri
1775 719 1967 809 magnos..
2005 692 2081 804 Ita-

450 813 738 918 firmissimnm
768 808 1138 926 cius-praesidium
1165 809 1219 894 m
1272 833 1371 894 uam
1397 803 1681 919 proficiscitur.
1726 804 1794 918 ,ld
1822 807 2074 893 cum-Pour-

451 923 572 1048 paius
594 959 647 1015 er
674 929 857 1046 perfugis
880 928 1082 1024 rescisset,
1124 951 1210 1037 qua
1265 927 1307 1008 ie
1333 919 1615 1007 facultatem*
1631 921 1653 962 ⁴*
1681 938 1722 1010 et
1748 951 1825 1036 per
1838 925 1876 1000 ’3)
1903 924 2075 1038 viarum

453 1047 662 1162 angustias
683 1068 798 1130 carra
817 1028 1033 1154 complura
1057 1039 1292 1152 multosque
1312 1037 1481 1124 lanistas
1501 1039 1675 1122 retraxit
1697 1056 1737 1120 et
1758 1037 1810 1122 ad
1828 1037 2074 1124 Cordubam

453 1189 498 1248 se
517 1162 684 1272 recepit.
748 1157 902 1242 Caesar
920 1151 1229 1240 munitionibus
1251 1154 1454 1268 Ateguam
1475 1177 1718 1268 oppugnare
1739 1169 1778 1236 et
1797 1151 1967 1239 brachia
1988 1157 2076 1239 cir·

454 1273 704 1362 cumducere
724 1274 870 1386 coepit.
933 1269 1016 1353 Cui
1035 1268 1088 1354 de
1108 1269 1307 1380 Pompeio
1326 1269 1358 1346 t)
1387 1295 1482 1352 oum
1505 1269 1682 1352 nuntius
1701 1284 1806 1356 esset
1825 1265 1986 1370 allatus,
2022 1297 2075 1354 eo

454 1389 523 1476 die
546 1385 829 1503 proficiscitur.
900 1383 1045 1471 Cuius,
1059 1387 1107 1468 in
1136 1382 1365 1473 adventum
1385 1380 1588 1495 praesidii
1622 1411 1753 1468 cansa.
1778 1382 1929 1468 Caesar
1955 1412 2074 1469 oom-

453 1504 579 1618 plura
600 1501 762 1588 castella
783 1501 1017 1616 occupavit,
1056 1501 1210 1618 partim
1238 1497 1314 1583 ubl
1341 1499 1566 1610 equitatus,
1600 1502 1756 1611 partim
1778 1497 1853 1585 ubi
1872 1497 2075 1613 pedestris

232 1633 234 1640 ’
420 1653 424 1660 ·
456 1621 576 1731 eopia
593 1619 648 1718 iu,
664 1618 840 1701 statione
861 1619 911 1699 in
930 1615 969 1722 5)
981 1613 1178 1700 excubitu
1200 1615 1340 1698 castris
1359 1611 1567 1726 praesidio
1588 1639 1673 1697 esse
1690 1614 1878 1726 possent:
1902 1618 1904 1622 ’
1924 1611 2076 1699 Hicin

276 1735 282 1744 '
456 1731 641 1818 adventu
668 1730 858 1843 Pompeii
887 1728 1055 1829 incidit,
1102 1747 1149 1812 ut
1169 1730 1378 1812 matutino
1398 1743 1586 1840 tempore
1609 1727 1765 1814 nebula·
1781 1746 1888 1816 ¹esset
1908 1733 2076 1815 crassis-

455 1849 574 1934 sima.
631 1843 695 1931 Ita
715 1844 787 1930 illa
808 1848 838 1922 ⁶)
858 1844 1148 1934 obscuratione
1169 1871 1265 1956 cum
1285 1841 1444 1954 aliquot
1463 1841 1700 1954 cohortibus
1720 1861 1760 1926 et
1774 1846 2077 1957 equitumtnr-

456 1965 538 2048 mis
567 1949 902 2046 circumcludunt
931 1957 1119 2059 Caesaris
1147 1958 1380 2069 equitaret
1407 1955 1921 2058 mundandantur
1949 1961 1997 2044 in
2025 1989 2075 2044 ea

404 2074 583 2168 reseda
609 2077 733 2189 pauci
758 2071 1000 2188 effugerent.
1043 2070 1310 2184 ¹Insequenti
1336 2087 1458 2154 nocte
1483 2089 1614 2158 castra
1640 2097 1713 2155 suu
1740 2073 1931 2159 incendit
1950 2073 2075 2158 Pom-

343 2289 345 2294 ,
458 2189 577 2306 peius
605 2207 645 2274 et
673 2181 968 2274 transflumen
991 2183 1150 2272 Salsum
1176 2211 1252 2298 per
1280 2183 1488 2270 convalles
1513 2203 1642 2270 castra
1669 2186 1893 2272 interduo
1921 2189 2075 2302 oppida

426 2305 429 2310 ’
459 2299 662 2419 Ateguam
691 2321 732 2388 et
755 2301 941 2387 Vcnbim
968 2303 1017 2384 in
1045 2318 1190 2384 monte
1218 2302 1441 2384 constituit·
1513 2299 1664 2385 Caesar
1688 2304 1736 2386 in
1766 2301 2076 2412 munitionibus

459 2415 706 2530 ceterisque,
751 2413 858 2530 quae
886 2415 938 2500 ad
967 2413 1170 2528 oppidum
1191 2417 1222 2491 ⁷)
1255 2441 1358 2526 opus
1387 2411 1575 2515 fuerunt,
1626 2438 1819 2530 aggerem
1848 2419 2076 2531 vineasque

459 2560 580 2649 agere
601 2535 792 2618 instituit.
849 2529 961 2615 Ilaec
981 2529 1189 2615 loca'sunt
1210 2537 1427 2614 montuosa
1449 2547 1489 2612 et
1510 2547 1658 2614 natura
1678 2530 1788 2618 edita
1808 2530 1860 2616 ad
1882 2559 1974 2618 rem
1995 2535 2076 2618 mi-

352 2657 356 2662 ’
459 2648 643 2750 litarem;
671 2645 796 2760 'quae
824 2639 1002 2757 planitie
1030 2643 1297 2744 dividuntur,
1338 2643 1450 2756 Salso
1476 2641 1672 2744 flumine,
1710 2650 1905 2758 proxime
1931 2664 2077 2734 tamen

460 2761 685 2879 Ateguam,
712 2779 760 2844 ut
776 2758 938 2842 flumen
957 2761 1010 2856 eit
1029 2761 1060 2835 8)
1081 2755 1245 2846 circiter
1258 2787 1451 2871 passuum
1465 2757 1548 2844 duo
1562 2759 1690 2845 milia.
1749 2760 1814 2862 Ex
1835 2791 1884 2847 ea
1904 2766 2077 2880 regione

460 2876 606 2990 oppidi
633 2878 680 2960 in
709 2874 923 2960 mantibus
942 2891 1071 2956 castra
1095 2870 1240 2958 habuit
1260 2876 1390 2986 posita
1410 2873 1631 2986 Pompeius
1648 2877 1697 2959 in
1719 2895 1941 2988 conspectu
1962 2897 2078 2962 utro-

459 2991 643 3104 rumque
663 2988 915 3102 oppidorum
930 3015 1078 3099 neque
1099 2989 1182 3074 suis
1203 3016 1327 3073 ausus
1345 3006 1404 3073 est
1422 2988 1605 3076 subsidio
1626 2993 1785 3076 venire.
1820 3072 1822 3078 ,
1843 2991 2015 3106 Aquilae
2032 3011 2078 3076 et

460 3109 579 3222 signa
608 3102 754 3189 habuit
781 3101 900 3188 XIII.
926 3101 1161 3300 legionnnn
1202 3102 1273 3188 sed
1302 3131 1355 3186 ex
1384 3103 1543 3220 quibua
1565 3103 1724 3217 aliquid
1751 3103 2008 3192 firmamenti
2034 3137 2083 3191 se

462 3215 727 3306 existimabat
748 3217 920 3318 habere,
980 3245 1057 3302 uae
1070 3217 1242 3302 luerunt
1256 3216 1522 3319 vernaculae,
1581 3248 1660 3304 uae
1681 3219 1928 3310 a'lrebonio
1942 3240 2079 3307 trans-

461 3334 674 3448 fugerant3
703 3360 789 3418 nna
804 3332 909 3418 lacta
923 3361 975 3416 ex
989 3331 1178 3432 coloniis,
1194 3360 1302 3446 quae
1315 3329 1486 3418 luerunt
1501 3251 1629 3420 iuliis
1642 3335 1913 3451 regionibus;⁴
1930 3355 2078 3452 quarta

462 3445 793 3536 luit·Afraniana
814 3447 866 3531 ex
885 3447 1044 3548 Africa,
1072 3475 1200 3560 qnam
1221 3476 1361 3532 secum
1381 3445 1628 3552 adduxerat;
1656 3449 1844 3564 reliquae
1864 3482 1917 3537 ex
1936 3453 2079 3568 fugiti-

461 3559 527 3650 vis
547 3561 769 3648 auxiliares
789 3561 1087 3663 consistebant;
1124 3583 1226 3647 nam
1253 3560 1306 3646 de
1335 3562 1418 3646 levi
1446 3581 1657 3650 armatura
1686 3583 1727 3650 et
1748 3569 1935 3680 equitatu
1955 3567 2079 3684 longe

408 3691 439 3778 8
460 3696 503 3766 at
524 3679 688 3764 virtute¹
702 3696 741 3762 et
761 3703 941 3762 numero
962 3671 1092 3762 nostri
1113 3693 1233 3762 erant
1252 3679 1494 3790 superiores.
1554 3677 1897 3782 Accedebathuc‚
1919 3700 1966 3766 ut
1984 3681 2079 3768 lon-

458 3796 551 3910 gius
571 3789 728 3878 bellum
752 3791 920 3877 duceret
942 3789 1182 3905 Pompeius,
1223 3790 1335 3906 quad
1359 3787 1446 3880 loca
1465 3809 1564 3877 suut
1583 3793 1694 3880 edita
1715 3795 1828 3880 etad
1849 3800 2079 3882 castrorum

459 3909 830 3994 munitionesnon
852 3935 1001 4021 parum
1029 3901 1202 4009 idonea3
1246 3903 1347 3992 nam
1367 3906 1455 3993 lere
1477 3911 1600 3992 totius
1620 3908 1829 3996 ulterioris
1850 3909 2079 4025 Hispaniae

459 4024 578 4138 regio
596 4041 768 4138 propter
787 4042 923 4107 terrae
942 4021 1242 4108 fecunditatem
1270 4025 1444 4136 inopem
1472 4015 1770 4137 difficilemque
1795 4024 1920 4122 habet
1944 4055 2078 4142 oppu-

459 4139 705 4256 gnutionem
736 4156 777 4223 et
804 4165 893 4223 non
921 4139 1064 4224 miuus
1084 4139 1290 4252 copiosam
1312 4140 1596 4252 aquationem.
1659 4137 1739 4226 Hic
1761 4143 1887 4226 etiam
1909 4159 2080 4257 propter

538 4393 558 4461 Ι)
574 4429 658 4498 quos
668 4403 745 4475 ideo
759 4429 779 4476 a
793 4409 843 4476 rie
859 4417 1046 4476 retraxerat
1077 4407 1100 4458 ²>
1117 4353 1240 4476 flumen
1254 4407 1453 4476 transductis
1486 4407 1509 4460 ³)
1527 4407 1688 4492 rescirem,
1702 4431 1742 4476 ea
1757 4407 1811 4478 die
1825 4430 1886 4500 per
1917 4413 1940 4463 ⁴)
1956 4411 2080 4500 eoepitx

458 4509 801 4685 dllglffislimpelo
858 4511 880 4564 s)
902 4519 938 4579 et
956 4509 990 4578 in
1049 4510 1073 4562 ὅ)
1096 4509 1209 4601 itaque
1227 4509 1261 4578 in
1283 4511 1338 4584 illa
1397 4512 1418 4564 ⁷²
1441 4509 1598 4602 oppidum
1616 4511 1875 4604 obpugnandum
1932 4514 1955 4566 Β)
1980 4523 2016 4581 ut
2036 4511 2078 4581 ad
