4450 5518
518 499 524 516 .
658 433 916 570 menam
934 431 1261 512 msPaNtuNst.
1358 443 1364 452 '
1736 437 1771 512 θ

149 685 438 790 caueamus
461 679 565 760 uicti
581 683 625 758 et
637 673 801 758 'deserti
819 705 847 758 o
867 677 1090 788 Pompeio,
1113 685 1191 759 tacu
1206 676 1363 758 vuacta
1383 677 1576 787 superati
1590 674 1769 760 sulutem
1794 781 1799 790 Ι

147 823 177 876 o
206 803 282 877 utu
310 795 532 876 summutas
569 791 828 904 deposcimus
854 796 1138 905 petimusque,
1185 799 1257 895 ut,
1308 793 1477 904 qualern
1509 801 1550 872 te
1572 789 1770 900 pentibus

143 913 414 1020 praestitum,
453 909 628 990 ceuton
652 911 697 990 iu
718 912 869 990 etcum
890 910 1105 1004 deditione
1123 916 1328 1018 praestes.
1394 907 1468 988 Er
1483 904 1664 1020 quulmu,
1698 905 1767 1004 eit,

141 1025 339 1136 qoutibsts
360 1053 426 1106 me
442 1026 661 1138 praesim,
701 1023 878 1105 umnam
900 1027 946 1105 in
968 1025 1120 1106 civium
1142 1021 1356 1105 deditione
1371 1021 1623 1132 praestabo·
1685 1011 1850 1134 lte-,18

144 1137 278 1222 missis
301 1133 461 1251 legatis,
496 1133 667 1222 eumad
696 1153 861 1248 portam
889 1139 1102 1222 venissent
1128 1134 1191 1220 Ti.
1214 1131 1272 1176 ss
1292 1132 1451 1218 Tullius
1472 1137 1520 1235 1),
1556 1150 1598 1218 et
1619 1161 1716 1216 cnm
1733 1133 1766 1208 2)

143 1253 433 1336 introeuntem
462 1248 509 1335 C.
530 1251 740 1336 Antonius
767 1253 977 1336 insecutus
1003 1277 1091 1336 non
1122 1263 1241 1349 esset,
1276 1251 1448 1334 revertit
1468 1247 1520 1332 ad
1541 1267 1704 1361 portam
1726 1263 1766 1330 et
1823 1271 1826 1278 ·

144 1365 366 1452 hominem
389 1395 441 1478 ap
473 1363 706 1462 rehendit·
737 1363 1178 1467 QuodTiberiuscum
1193 1359 1285 1448 fieri
1305 1360 1612 1462 animadvertit,
1639 1358 1767 1454 simul

145 1482 376 1597 pugionem
405 1395 549 1565 eluxit
576 1497 618 1564 et
645 1505 821 1564 manum
849 1480 939 1565 eius
964 1478 1126 1564 incidit.
1188 1475 1253 1564 Ita
1277 1477 1522 1594 refugerunt
1542 1476 1594 1562 ad
1616 1473 1765 1562 Caesa·

146 1623 249 1682 rem.
307 1593 551 1708 Eodemque
571 1612 761 1706 tempore
782 1596 815 1682 si
847 1592 954 1678 nifer
967 1593 1018 1680 de
1032 1592 1197 1710 legione
1209 1595 1348 1706 prima
1362 1591 1582 1708 transfugit
1596 1606 1636 1676 et
1652 1619 1765 1676 nun-

144 1711 282 1811 tiavit,
311 1737 395 1822 quo
418 1708 486 1793 die
509 1717 700 1824 equestre
719 1619 927 1820 proelium
946 1707 1102 1794 lactum
1124 1725 1243 1805 esset,
1278 1733 1354 1791 suo
1371 1709 1492 1822 siguo
1514 1707 1668 1820 perisse
1688 1704 1764 1789 ho-
1807 1771 1810 1778 .

145 1827 290 1910 mines
304 1823 514 1923 mv„
544 1851 684 1935 neque
705 1821 831 1908 licere
850 1824 990 1906 castris
1008 1819 1087 1906 Cn.
1100 1819 1299 1934 ,Pompeii
1318 1824 1518 1907 nuntiare
1538 1847 1677 1934 neque
1698 1817 1764 1906 di·

15 2019 20 2030 .
145 1966 240 2024 cere
256 1941 289 2016 ³)
310 1941 464 2050 perisse
486 1962 755 2050 quemquam.
813 1935 977 2036 Serum
992 1939 1112 2020 cuius
1130 1933 1329 2020 dominus
1347 1937 1395 2020 in
1415 1934 1603 2022 Caesaris
1621 1935 1764 2021 castris

145 2053 305 2152 fuisset,
335 2051 530 2168 (uxorem
551 2051 583 2130 4>
612 2047 804 2134 etlilium
830 2050 877 2134 in
905 2047 1059 2163 oppido
1085 2047 1331 2166 reliquerat)
1357 2049 1580 2136 dominum
1600 2047 1762 2164 iugula-

145 2169 207 2254 vit
228 2184 270 2252 et
288 2167 347 2252 ita
366 2164 473 2250 olam
494 2194 519 2250 a
540 2161 726 2248 Caesaris
746 2161 961 2277 praesidiis
982 2168 1030 2248 in
1052 2164 1242 2278 Pompeii
1269 2181 1398 2250 castra
1423 2163 1604 2252 discessit
1630 2183 1671 2248 et
1691 2167 1761 2250 in-

34 2375 37 2380 ,
144 2279 304 2366 dicium
351 2277 476 2364 lande
502 2281 703 2390 scripturn
730 2280 861 2378 misit,
903 2301 981 2390 per
1001 2277 1113 2392 quod
1134 2281 1290 2366 certior
1306 2275 1422 2364 fieret
1441 2275 1612 2380 Caesar,
1649 2307 1762 2392 quae

144 2399 195 2481 in
216 2307 370 2507 oppido
389 2391 442 2478 ad
462 2389 776 2487 defendendum
799 2411 1155 2504 compararentur.
1218 2392 1280 2479 Ita
1304 2392 1451 2479 litteris
1469 2396 1645 2507 acceptis
1664 2421 1761 2479 cum

145 2507 418 2622 inoppidum
439 2509 672 2592 revertisset
691 2507 741 2606 6),
776 2509 852 2620 qui
880 2507 1047 2602 mittere
1071 2505 1269 2622 glandem
1296 2509 1542 2621 inscriptam
1560 2507 1761 2610 solebant,

144 2624 387 2735 insequenti
413 2615 620 2734 ternpore,¹
659 2618 1012 2706 annumerant
1046 2621 1192 2708 fraitres
1225 2622 1460 2738 transfugae
1495 2623 1762 2728 nuntiarunt,

145 2765 274 2854 qoam
297 2736 517 2848 Pompeius
536 2737 783 2820 concionem
808 2734 1030 2822 habuisset:
1067 2737 1270 2849 quoniam
1291 2737 1447 2851 oppido
1466 2737 1649 2824 subsidio
1670 2765 1760 2824 non

144 2871 280 2968 posset
308 2854 474 2953 venire,
513 2868 640 2936 noctu
668 2879 721 2936 ex
749 2848 1081 2936 adversariorum
1108 2869 1329 2964 conspectu
1354 2881 1398 2936 se
1424 2851 1678 2940 deducerent
1707 2851 1760 2940 ad

39 3036 42 3048 .
145 2994 472 3054 mareversum:
514 2992 652 3049 unum
675 2964 950 3076 respondisse,
985 2983 1031 3050 ut
1050 2969 1188 3080 potins
1207 2964 1259 3052 ad
1279 2963 1568 3054 dimicandum
1589 2969 1761 3054 descen-

144 3083 312 3192 derent,
346 3105 474 3194 quam
493 3081 662 3196 signum
682 3078 802 3196 fugae
822 3079 1107 3166 ostenderent:
1144 3109 1262 3182 eum,
1297 3083 1448 3194 quiite
1469 3082 1627 3168 locutus
1647 3099 1760 3184 emet,

143 3196 390 3312 iugulatum.
447 3193 607 3280 Eodem
628 3212 817 3307 tempore
835 3193 1042 3316 tabellarii
1063 3194 1223 3302 eiusde
1253 3193 1439 3298 rehensi,
1466 3200 1543 3310 qui
1565 3195 1617 3282 ad
1638 3200 1759 3312 oppi-

144 3308 514 3410 dumveniebant,
550 3335 731 3422 quorum
758 3309 913 3394 litteras
939 3309 1091 3396 Caesar
1116 3225 1338 3424 oppilane
1364 3312 1562 3397 abiecto
1589 3330 1647 3413 et,
1682 3315 1758 3425 qui

142 3427 281 3512 vitam
301 3425 383 3509 sibi
411 3441 587 3536 peteret,
628 3427 744 3509 iussit
772 3442 933 3510 turrem
962 3425 1146 3540 ligneam
1171 3423 1492 3537 oppidanorum
1511 3425 1767 3540 incenderes

141 3539 188 3628 id
207 3538 439 3638 stetisset,
474 3541 514 3624 si
539 3568 583 3622 se
609 3540 801 3652 promisit
828 3541 973 3624 omnia
995 3565 1307 3645 concessurum
1349 3539 1651 3655 ‹proddifficile
1669 3560 1759 3627 erat
1883 3563 1890 3572 “

143 3656 274 3755 laetu,
308 3671 357 3738 ut
379 3681 471 3738 eam
494 3672 654 3738 turrem
677 3656 770 3738 sine
787 3654 973 3766 periculo
995 3657 1090 3768 quis
1109 3652 1366 3740 incenderet.
1430 3653 1493 3741 Ita
1513 3655 1616 3744 lune
1635 3643 1757 3742 cru'r'e

142 3766 322 3884 deligato
343 3795 440 3852 oum
460 3770 491 3846 s)
520 3770 690 3880 propius
712 3770 955 3870 accessisset,
983 3769 1037 3854 ab
1058 3767 1279 3882 oppidanis
1300 3788 1359 3854 est
1376 3774 1541 3857 occisus.
1600 3769 1757 3856 Eadem

141 3901 266 3969 noete
282 3883 497 3997 transfuga
518 3884 731 3968 nuntiavit
748 3881 998 3996 Pompeium
1019 3901 1060 3969 et
1075 3884 1311 3968 Labienum
1332 3882 1386 3968 de
1405 3886 1664 4004 iugulatione
1683 3913 1758 3998 op-

128 3997 664 4112 pidanorum-indignatos
693 4025 790 4084 esse.
851 3996 1011 4114 Vigilia
1038 3996 1219 4084 secunda
1245 4013 1416 4112 propter
1440 3999 1757 4087 multitudinem
1785 4011 1841 4101 19

142 4113 322 4198 telorum
344 4114 470 4224 turris
492 4111 648 4227 lignea,
677 4139 785 4225 quae
806 4130 946 4198 nostra
967 4111 1126 4215 fuisset,
1154 4111 1207 4197 ab
1227 4116 1316 4197 imo
1337 4118 1489 4202 vitium
1508 4115 1606 4202 fecit
1625 4143 1758 4229 usque

143 4225 197 4312 ad
210 4227 440 4313 tabulatum
454 4225 686 4312 secundnm
701 4243 742 4313 et
755 4230 938 4313 tertium.
996 4226 1156 4314 Eodem
1172 4245 1451 4344 temporepro
1462 4257 1758 4350 muropugna·
1844 4241 1848 4252 '

243 4457 265 4551 ¹⁸)
282 4495 423 4566 renunt
440 4495 662 4565 'Pituanius
715 4497 741 4550 ⁹)
757 4513 859 4586 quum
881 4517 959 4568 enm
1014 4497 1341 4592 laurentiusque
1363 4495 1429 4570 dici
1485 4501 1509 4554 ⁴>
1525 4498 1651 4588 tuest,
1675 4499 1760 4570 uxoss

142 4622 281 4692 musque
344 4593 372 4652 ὅ)
390 4598 602 4669 reveniunt
663 4597 860 4690 ‘lumpero
884 4599 951 4670 duo
1014 4601 1038 4654 'l
1058 4601 1178 4672 obiecit
1209 4604 1263 4658 '⁸’
1286 4603 1342 4673 Its
1364 4603 1405 4641 ”
1430 4602 1577 4672 facturus
1601 4601 1645 4674 de
1669 4603 1761 4695 liquo

144 4725 247 4796 quum
920 4759 922 4764 -
1195 4751 1199 4762 ·

1333 4813 1357 4878 2
