4450 5518
359 453 362 458 ’
405 487 411 500 ·
472 477 506 546 e
742 529 746 538 .
1098 469 1475 538 cottuunrunlvs
1544 568 1546 577 Ι

476 701 721 786 adversariis
751 702 839 783 eius
867 699 1111 812 provinciae
1147 699 1300 810 potitus
1337 715 1457 797 esset,
1495 695 1706 808 simulque
1741 695 1854 807 quod
1890 693 2104 780 tabellarii

476 845 499 900 a
522 819 551 894 1)
572 816 651 899 Cn.
673 816 872 927 Pompeio
894 813 1080 927 dispositi
1102 813 1299 896 omnibus
1322 811 1420 896 locis
1439 829 1591 910 essent,
1627 812 1703 922 qui
1723 813 1754 886 2)
1775 811 1996 895 certiorem
2017 809 2102 892 Cn.

474 930 730 1042 Pompeium
747 927 798 1012 de
819 929 1006 1014 Caesaris
1026 926 1210 1012 adventu
1231 927 1425 1012 iacerent.
1497 925 1629 1010 Multa
1649 941 1864 1038 praeterea
1887 925 2101 1009 verisimi-

340 1135 344 1146 ,
412 1145 414 1152 ¹
475 1046 532 1129 ii'a
551 1045 854 1158 proponebant.
914 1041 1077 1145 Quibus
1099 1043 1223 1127 rebus
1245 1041 1459 1142 adductus,
1489 1069 1592 1153 quos
1611 1039 1762 1154 legatos
1781 1057 1878 1146 ante
1895 1031 2102 1125 exercitui

475 1160 747 1272 praefecerat,
778 1157 828 1258 Q.
841 1156 1017 1242 Pedium
1040 1174 1081 1240 et
1104 1154 1154 1258 Q.
1170 1147 1355 1240 Fabium'
1368 1157 1604 1240 Maximum
1628 1153 1680 1238 de
1699 1181 1772 1240 suo
1793 1155 1977 1239 adventu
1999 1153 2101 1237 facit

477 1276 688 1372 certiores,
732 1291 863 1384 utque
890 1272 971 1354 sibi
1002 1271 1228 1382 equitatus,
1263 1274 1338 1383 qui
1369 1301 1419 1354 ex
1448 1273 1666 1381 provincia
1696 1270 1853 1368 fuisset,
1889 1267 2099 1380 praesidio

477 1405 597 1490 esset3
642 1386 695 1470 ad
714 1391 746 1464 3)
774 1414 876 1498 quos
906 1385 1097 1486 celerius,
1140 1408 1267 1498 quam
1295 1387 1376 1497 ipsi
1402 1387 1564 1498 opinati
1583 1402 1698 1482 sunt,
1736 1384 2101 1497 'appropinquavit

423 1499 452 1584 3
478 1495 635 1614 neque,
667 1503 718 1582 'ut
746 1497 1008 1613 ipsevoluit,
1032 1491 1281 1612 'equitatum'
1305 1500 1385 1583 sibi
1412 1495 1617 1612 praesidio
1641 1498 1801 1582 babuit.
1859 1495 1960 1582 Erat
1980 1495 2100 1582 idem

477 1617 677 1727 temporis
695 1615 841 1698 Sextus
863 1613 1084 1727 Pompeius
1104 1614 1250 1716 irater,
1280 1617 1471 1726 quicum
1493 1611 1699 1726 praesidio
1714 1611 1955 1712 Cordubam
1977 1630 2101 1696 teue-

476 1731 566 1830 bat,
609 1729 831 1842 quodeiua
849 1732 1092 1842 provinciae
1113 1747 1236 1848 caput
1257 1759 1341 1834 esse
1364 1728 1697 1849 existirnabatur3
1744 1731 1833 1840 ipse
1856 1745 1995 1811 autem
2016 1727 2099 1810 Cn.

477 1843 700 1957 Pompeius
713 1833 955 1928 adolescens
977 1841 1170 1927 vitamst
1198 1843 1400 1956 oppidum
1427 1842 1695 1957 oppugnabat
1724 1857 1764 1925 et
1789 1839 1876 1927 fare
1902 1844 1994 1926 iam'
2018 1840 2099 1926 ali-

478 1976 581 2070 quot
618 1959 831 2042 mensibus
866 1957 927 2041 ibi
964 1958 1238 2043 detinebatur.
1299 1957 1394 2057 Quo
1431 1988 1482 2041 ex
1519 1956 1673 2070 oppido
1708 1960 1873 2072 cognito
1903 1955 2099 2045 ,Caesaris

479 2071 664 2156 adventu
694 2071 817 2186 legati
846 2072 952 2155 clam
982 2071 1186 2183 praesidia
1210 2072 1289 2156 Cn.
1309 2070 1499 2184 Pompeii
1528 2071 1749 2158 Caesarem
1778 2099 1874 2155 cum
1905 2070 2098 2170 adissent,

444 2199 446 2204 '
477 2203 620 2298 petere
641 2205 892 2298 coeperunt,
916 2189 978 2270 uti
999 2187 1079 2270 sibi
1099 2191 1238 2298 primo
1259 2215 1427 2299 quoque
1452 2205 1641 2298 ternpore
1659 2184 1889 2270 subsidium
1913 2187 2099 2273 mitteret

422 2297 430 2317 '
460 2299 648 2383 Caesar:
682 2301 774 2386 eain
794 2303 827 2377 5)
852 2299 1064 2384 ciiitat‘em
1086 2299 1213 2387 'omui
1239 2299 1432 2414 tempore
1452 2304 1615 2413 -optim'e
1641 2300 1693 2398 do
1720 2295 1882 2415 populo.
1901 2297 2097 2412 Romano

328 2427 334 2434 '
376 2433 381 2440 ’
469 2417 792 2519 moriturisne.
815 2409 825 2474 7
849 2415 1053 2499 Celeriter
1070 2418 1193 2498 fiisax
1214 2416 1394 2502 cohortis
1409 2418 1445 2492 1)
1470 2413 1650 2501 secunda
1671 2411 1947 2524 uigiliaiubat
1969 2413 2098 2526 prolia

466 2531 594 2629 cisci,
621 2532 718 2642 pari·
734 2535 765 2608 8)
787 2527 947 2642 equites
969 2525 1176 2629 nurnero,
1196 2525 1348 2642 quibus
1363 2525 1558 2644 praefecit
1573 2529 1791 2614 bominem
1815 2532 2098 2641 eiua‘provin-

359 2695 361 2700 ,
469 2648 568 2731 uiae
590 2646 739 2727 notum
763 2663 803 2728 et
825 2643 1085 2758 non'par'um
1106 2643 1327 2744 scientem,
1360 2645 1409 2729 L.
1430 2639 1603 2733 lunium
1626 2643 1870 2730 Paciaebum
1895 2646 1939 2729 9).
1998 2643 2097 2746 Ωιιὶ

476 2787 575 2842 ωω
603 2758 655 2840 ad
685 2759 764 2842 Cn.
785 2759 976 2870 Pompeii
1005 2760 1211 2870 praesidia
1238 2755 1437 2860 venisset,
1472 2759 1621 2844 incidit
1640 2760 1770 2847 ‘idem
1792 2761 2013 2872 temporis,
2049 2778 2097 2843 ut

470 2875 720 2984 tempestate
740 2871 912 2957 adversa
933 2872 1259 2987 vehementique
1273 2893 1406 2958 vento
1425 2871 1710 2978 afflictaretur3
1754 2899 1882 2986 quem
1906 2875 2098 2960 vistern-

474 2987 649 3099 pe'statis
665 2989 725 3070 ita
744 2985 1003 3090 obscurabat,
1033 3007 1081 3071 ut
1095 2983 1460 3102 vix-proximante
1512 2988 1659 3074 'oscere
1672 3001 1817 3102 posset.
1846 3055 1849 3060 .
1869 2987 2008 3074 Cuius
2025 2991 2099 3074 in-

475 3099 745 3186 commodum
768 3120 978 3188 summam
1000 3102 1221 3188 utilitatem
1240 3103 1342 3216 'ipsis
1357 3131 1456 3216 prae
1489 3105 1592 3188 ebat.
1649 3104 1712 3188 Ita
1731 3127 1828 3196 oum
1850 3103 1903 3190 ad
1925 3101 2023 3188 eum
2044 3108 2095 3182 10)

472 3219 705 3318 uenerunt,
742 3217 858 3314 iubet¹
882 3218 1003 3302 binos
1023 3221 1181 3332 equites
1197 3219 1479 3304 ¹conscendere
1500 3221 1548 3296 11)
1558 3279 1579 3318 ,.
1606 3215 1646 3302 et
1667 3237 1778 3303 recta
1804 3217 1881 3330 per
1904 3215 2097 3304 adversa-

473 3332 640 3414 riorum
660 3330 936 3442 praesidiaad
957 3333 1440 3446 oppidumoontendunt
1462 3335 1534 3437 11);
1559 3325 1797 3446 mediisque
1811 3329 1956 3419 eorum
1973 3359 2098 3446 prae·

471 3443 709 3556 aidiis.'cum
733 3463 884 3546 esseut,
918 3451 1097 3532 unus13)
1119 3477 1171 3532 ex
1194 3450 1344 3533 nostris
1364 3447 1595 3562 respondit,
1631 3467 1678 3533 ut
1698 3449 1814 3534 sileat
1833 3450 2012 3534 verbum
2035 3445 2097 3532 fa-

427 3625 433 3637 .
475 3556 589 3659 cere,
633 3559 733 3644 nain
761 3559 805 3643 id
828 3557 1027 3674 temporis
1047 3566 1192 3648 conari
1213 3563 1264 3649 ad
1280 3591 1456 3648 ‘usurum
1479 3559 1693 3670 accedere,
1736 3581 1782 3648 ut
1803 3561 2009 3676 oppidum
2027 3588 2095 3650 ca-

416 3682 424 3758 .’
473 3673 608 3786 pia'rit.
637 3673 719 3758 :Et
739 3673 895 3787 'partim
915 3673 1158 3790 tempestate
1181 3679 1375 3793 impediti
1403 3679 1548 3796 vigiles
1576 3705 1666 3764 non
1695 3677 1896 3792 poteraut
1913 3677 2096 3796 diiigen-

474 3792 580 3873 tiam
595 3785 825 3901 praest'are,
850 3795 1005 3904 partim
1027 3793 1100 3877 illo
1120 3819 1316 3907 responso
1337 3793 1667 3880 deterrebantur.
1725 3785 1909 3889 Cumad
1930 3791 2094 3907 portam

342 3933 381 3958 ··
475 3903 898 4018 appropinquassent,
939 3907 1059 4030 signo
1088 3907 1184 3992 dato
1206 3909 1258 3992 ab
1279 3904 1619 4023 'oppidanissunt
1639 3906 1813 4037 recepti,
1857 3907 2095 4021 at'pedites,

414 4071 416 4076 .
471 4019 637 4131 equites
657 4019 720 4143 11),
733 4019 915 4106 clamore
943 4023 1068 4144 iacto,
1090 4015 1310 4140 dispositis
1326 4021 1483 4144 'partim
1504 4024 1586 4150 ibi,
1620 4019 1696 4146 qui
1716 4021 2015 4154 rentanscrunt‘
2034 4026 2095 4125 111),

523 4307 542 4320 “
579 4311 600 4361 ¹)
616 4309 778 4401 simulque
789 4311 1124 4404 captostcbeliarios,
1139 4314 1234 4404 quia
1292 4317 1315 4370 2)
1337 4317 1425 4406 quo‘
1459 4317 1481 4370 ³)
1507 4301 1555 4400 ui,
1581 4338 1680 4408 quem
1694 4317 1754 4384 sibi
1769 4316 1950 4407 equitatum
1963 4339 2004 4384 ex
2017 4337 2094 4404 pro-

454 4405 768 4510 ·riucia1'eeissent,
793 4415 956 4505 praesidio
977 4419 1163 4486 mitterent:
1186 4417 1230 4484 ad
1280 4419 1303 4470 1)
1320 4417 1429 4486 Uliam
1482 4421 1505 4473 ὅ)
1522 4423 1678 4488 mitteret.
1720 4421 1844 4488 Caesar
1861 4443 1934 4488 eam
1984 4415 2095 4485 oiesre

469 4514 598 4595 muns,
623 4513 777 4584 celeriter
826 4521 848 4570 ⁷³
864 4521 1016 4586 cohortes
1068 4522 1094 4572 1)
1112 4507 1249 4609 parique
1306 4521 1329 4572 ⁹³
1347 4504 1524 4590 Pacie'cutn
1583 4521 1617 4613 11)
1628 4543 1709 4590 eum
1720 4522 1827 4592 iocum
1852 4561 1857 4572 ·
1887 4508 1922 4575 ¹¹5
1941 4519 2096 4588 incedere

473 4606 728 4733 ”brontondere
780 4619 813 4672 ¹³)
828 4641 928 4710 quum
947 4632 1176 4711 quaereretur,
1201 4622 1258 4712 qui
1274 4611 1399 4708 estent;
1424 4645 1515 4693 unua·
1561 4627 1595 4678 ¹⁴)
1613 4611 1805 4716 aquilasque
1857 4607 2096 4724 utilimum,

474 4736 529 4804 qut
554 4739 742 4802 remansere
1314 4757 1317 4766 ·
1736 4767 1740 4774 ·
1801 4731 1804 4738 ’
1897 4735 1901 4741 ’
1943 4739 1947 4746 ’
