4450 5518
687 393 950 534 nantum
962 393 1286 512 msmmssr.
1735 447 1796 520 ιτ

176 685 287 756 centu
306 670 459 782 etpifa
478 694 559 781 pro
578 665 718 778 vallos
740 672 913 782 insuper
932 673 964 748 1)
977 672 1113 754 'omisi
1142 673 1191 754 et‘
1203 669 1349 786 gladii,
1385 688 1432 757 ut
1450 673 1731 759 2tmucron'es
1758 691 1799 757 et
1838 657 1863 723 ⁸-
1896 681 1898 690 “

177 785 557 896 capite'bominurn
576 784 767 870 ordinata
795 786 848 868 ad
864 783 1080 898 oppidum
1102 813 1299 869 conversa
1320 790 1514 870 universe
1537 787 1719 872 hostium
1744 790 1795 874 ti-

177 902 611 1011 mor'etn‘virtutisque
635 895 818 1013 insignia
837 901 1044 1011 proposita
1063 903 1095 978 11)
1122 899 1313 983 viderent
1342 918 1383 982 et
1401 899 1519 984 ¹vallo
1548 901 1794 986 circumclu-

177 1011 383 1097 detentur-
399 1013 644 1098 adversarii·
680 1011 760 1097 -lta
782 1017 814 1091 1)
840 1013 952 1097 Galli
979 1013 1150 1126 tragulis
1175 1013 1403 1124 iaculisque
1422 1013 1627 1126 oppidum
1648 1047 1699 1102 ex
1719 1015 1794 1098 ho-

175 1130 301 1212 stium
321 1127 589 1212 cadaveribus
610 1128 641 1204 1)
661 1127 935 1238 circumplexi
946 1153 1189 1241 oppugnare
1204 1135 1442 1240 coeperunt.
1500 1127 1564 1212 Ex
1583 1131 1793 1240 bocproe-
1884 1185 1893 1198 -

175 1240 233 1325 lio
255 1241 448 1326 Valerius
468 1242 702 1326 adolescens
715 1239 963 1325 Cordubam
985 1271 1081 1325 cum
1104 1245 1244 1353 paucis
1267 1241 1477 1354 equitibus
1504 1241 1625 1356 fugit,
1669 1245 1792 1331 Sexto

173 1353 391 1468 Pompeio,
420 1360 495 1468 qni
510 1355 737 1454 Cordubae
748 1355 905 1452 fuisset,
933 1383 1024 1442 rem
1046 1375 1200 1471 gestam
1223 1355 1361 1464 refert.
1419 1354 1597 1469 Cognito
1619 1357 1697 1441 hoc
1716 1384 1792 1442 ne-
1879 1413 1884 1422 ·

174 1472 303 1584 gotio,
338 1499 441 1582 quos
463 1475 622 1583 equites
640 1497 781 1553 seeum
804 1469 950 1554 habuit
969 1473 1018 1570 6),
1054 1470 1165 1583 quod
1190 1470 1336 1554 habuit
1356 1473 1561 1580 pecuniae
1574 1499 1720 1556 seeum
1741 1475 1791 1572 7),

173 1587 234 1684 'eis
254 1583 462 1670 distribuit
485 1603 533 1668 et
545 1583 769 1698 oppidanis
788 1581 895 1668 dixit
920 1583 1038 1668 sede
1060 1611 1160 1694 pace
1181 1583 1232 1666 ad
1253 1583 1474 1668 Caesarem
1497 1583 1728 1694 proficisci,
1752 1603 1792 1670 et

173 1699 354 1782 secunda
378 1698 525 1811 sigilis
554 1701 606 1782 ab
635 1698 789 1810 oppido
817 1697 1007 1781 discessit.
1065 1696 1144 1781 Cn.
1165 1697 1386 1809 Pompeius
1404 1701 1435 1780 8)
1463 1727 1559 1782 cum
1582 1701 1792 1809 equitibus

173 1817 316 1925 paucis
340 1813 644 1924 nonnullisque,
691 1812 868 1895 editibus
889 1812 941 1895 ad
964 1811 1112 1894 navaie
1131 1813 1386 1922 praesidinm
1408 1830 1524 1922 parte
1545 1810 1673 1896 altere
1688 1812 1791 1897 Car-

172 1931 301 2026 teiam
316 1927 542 2025 contendit,
554 1843 688 2038 quodp
678 1925 882 2036 oppidum
899 1926 1011 2007 abest
1025 1954 1047 2007 a
1063 1923 1256 2008 Corduba
1275 1926 1391 2009 milia
1406 1953 1600 2034 passuum
1615 1925 1790 2014 CLXX.

174 2039 269 2142 Quo
289 2070 384 2126 cum
404 2041 455 2126 ad
478 2059 673 2124 octavum
696 2039 926 2122 miliarium
942 2041 1129 2138 venisset,
1158 2039 1200 2121 P.
1215 2037 1426 2138 Calvitius,
1456 2043 1691 2150 qui‘cestris
1712 2069 1790 2126 an-

173 2174 238 2239 tea
256 2155 443 2268 Pompeii
464 2157 719 2266 praepositus
740 2170 860 2250 esset,
889 2155 977 2237 eius
991 2154 1129 2236 verbis
1143 2155 1342 2237 nuntium
1358 2155 1504 2236 mittit:
1533 2181 1629 2241 oum
1647 2158 1789 2242 minus

172 2269 280 2353 belle
305 2271 489 2367 baberet,
525 2286 571 2351 ut
597 2271 812 2352 mitterent
840 2265 1046 2364 lecticam,
1084 2295 1168 2378 qua
1188 2269 1236 2352 in
1258 2265 1461 2380 oppidum
1481 2265 1634 2352 deferri
1654 2271 1798 2381 possit..

172 2382 342 2466 Litteris
371 2385 503 2466 missis
529 2383 753 2494 Pompeius
776 2379 988 2464 Carteiam
1016 2379 1211 2465 defertur.
1293 2379 1378 2482 Qui
1406 2381 1575 2464 illarum
1603 2386 1786 2493 partium

170 2496 348 2580 fautores
375 2515 526 2594 essent,
564 2497 824 2580 conveniunt
844 2498 890 2577 in
912 2495 1105 2592 domum,
1140 2523 1225 2605 quo
1248 2505 1336 2578 erat
1364 2492 1541 2596 delatns3
1575 2499 1650 2606 qui
1676 2499 1787 2581 arbi-

172 2614 269 2694 trati
288 2629 386 2693 sunt
406 2609 642 2693 clanculum
663 2611 894 2710 venisset),
936 2626 983 2690 ut
1004 2607 1056 2692 ab
1077 2636 1145 2706 eo,
1186 2637 1294 2720 quae
1313 2607 1468 2692 vellent
1489 2612 1560 2706 10),
1603 2608 1788 2696 debello

171 2728 446 2838 requirerent.
503 2721 614 2807 Cum
641 2723 878 2838 frequentia
906 2724 1183 2823 convenisset,
1218 2721 1270 2805 de
1298 2721 1687 2834 lectica-Pompeius
1716 2753 1786 2809 eo-

171 2865 267 2922 rum
289 2845 336 2924 in
359 2838 483 2922 fidem
506 2839 703 2950 confligit.
773 2836 924 2921 Caesar
944 2867 996 2920 ex
1014 2837 1172 2948 pmelio
1194 2839 1242 2916 11)
1271 2839 1509 2920 munitione
1530 2838 1786 2950 circumdata
1810 2851 1869 2940 33

170 2953 409 3038 Cordubam
440 2956 567 3038 venit.
638 2951 724 3052 Qui
750 2981 801 3033 ex
827 2950 952 3035 caede
981 2978 1029 3032 eo
1057 2951 1314 3064 refugerant,
1357 2969 1786 3067 pontemoccupave-

171 3085 283 3151 runt.
343 3067 404 3149 Eo
424 3095 520 3150 cum
541 3084 716 3150 ventum
740 3081 841 3148 esset
861 3067 930 3164 12),
965 3067 1192 3148 conviciari
1213 3083 1459 3176 coeperunt:
1497 3093 1571 3149 uos
1591 3097 1643 3150 ex
1662 3094 1785 3180 proc-

171 3181 229 3266 lio
248 3210 398 3295 paucos
416 3208 645 3293 superesse:
681 3207 765 3291 quo
784 3178 1021 3292 fugeremus
1041 3175 1121 3260 tut?
1180 3177 1241 3262 Ita
1263 3205 1451 3292 pugnare
1477 3199 1704 3292 coeperunt
1732 3182 1785 3268 de

169 3315 308 3410 ponte.
374 3295 524 3380 Caesar
549 3293 708 3377 flumen
736 3295 896 3376 traiecit
916 3294 965 3370 14)
992 3311 1032 3375 et
1058 3309 1189 3388 castra
1215 3297 1362 3405 posuit.
1425 3293 1618 3406 Scapula,
1661 3299 1785 3382 totius

116 3485 126 3506 ,
168 3411 401 3510 seditionis,
436 3408 620 3494 familiae
642 3409 689 3486 15)
717 3425 758 3490 et
785 3407 1080 3491 libertinorum
1106 3425 1247 3519 caput,
1285 3437 1336 3490 ex
1363 3407 1523 3518 proelio
1542 3408 1784 3495 Cordubam

170 3553 267 3610 cum
297 3529 491 3624 venisset,
526 3523 729 3608 familiam
752 3539 793 3604 et
814 3522 982 3606 libertos
1001 3523 1262 3620 convocavit,
1296 3549 1446 3633 pyram
1468 3525 1549 3608 sibi
1571 3528 1785 3628 exstruxit,

168 3667 345 3724 coenam
365 3637 507 3721 afferri
527 3665 655 3748 quam
677 3638 878 3748 optimam
900 3639 949 3714 16)
968 3637 1210 3748 imperavit,
1238 3639 1341 3719 item
1356 3639 1524 3748 optimis
1542 3638 1783 3724 insternen-

168 3754 271 3840 dum
293 3755 568 3853 vestimentis3
597 3752 820 3863 pecuniam
842 3768 883 3834 et
902 3769 1123 3864 argentum
1143 3752 1190 3836 itt
1207 3753 1437 3862 praesentia
1454 3751 1636 3836 familiae
1650 3753 1783 3838 dona·

168 3872 242 3956 vit.
297 3865 391 3978 Ipse
411 3864 465 3950 de
483 3883 672 3977 tempore
693 3891 869 3950 coenare
891 3867 957 3965 1⁷),
984 3867 1169 3949 resinam
1192 3883 1232 3947 et
1247 3863 1431 3952 nardum
1448 3863 1680 3950 identidem
1701 3867 1783 3958 sibi

167 3979 369 4070 iufundit.
425 3979 488 4064 Ita
502 3981 728 4064 novissimo
741 3997 929 4090 tempore
943 4007 1111 4063 servum
1126 3980 1241 4064 iussit
1255 3996 1295 4061 et
1310 3974 1526 4080 liberium,
1554 3983 1630 4091 qui
1641 3980 1784 4068 fuisset

169 4103 264 4208 eiua¹
290 4095 565 4196 concubinus,
609 4093 787 4180 alterum
820 4123 863 4178 se
898 4083 1106 4208 iugulare,
1147 4091 1323 4178 alterum
1357 4121 1509 4208 pyram
1542 4095 1788 4207 incendere..

200 4421 205 4432 ·
272 4377 488 4466 ¹t‚*tnsuper'
521 4377 544 4430 Ἰ)
561 4387 596 4444 et
645 4377 668 4430 8)
684 4377 697 4411 *
713 4373 878 4467 proposita
928 4373 1179 4452 dederuut?
1200 4375 1245 4442 ita
1295 4377 1318 4429 ὅ)
1334 4373 1546 4458 cadaveribus
1564 4376 1650 4445 utut
1690 4375 1714 4432 θ)
1730 4399 1783 4447 ne·

167 4503 244 4552 cum
262 4479 374 4548 tatuit
393 4466 458 4546 om.
509 4479 531 4531 'i
548 4479 706 4566 pecuniae
726 4501 836 4546 secum
858 4475 973 4545 habuit
1022 4479 1045 4532 ⁸)
1063 4473 1243 4566 Pompejus
1262 4487 1372 4544 antem
1422 4477 1445 4534 ο1
1461 4476 1810 4568 (praetecti-e·

168 4580 273 4674 nime)
322 4583 366 4642 0¹⁰)
387 4581 486 4649 veliet
543 4581 578 4632 ¹¹)
600 4581 726 4668 proelio
746 4579 871 4646 Munda
927 4580 962 4632 ¹²)
980 4581 1091 4654 Quum
1106 4601 1150 4648 eo
1166 4587 1403 4648 constructum
1455 4581 1489 4636 ι1)
1506 4579 1783 4671 confugeremus!

171 4684 386 4754 “itremiecit
437 4683 472 4738 ¹⁸>
488 4679 659 4751 seditionis
672 4683 814 4754 familiae
866 4681 902 4736 ¹⁶)
917 4681 1060 4774 opimam
1111 4683 1146 4738 1')
1158 4681 1309 4752 ooenmit
