4450 5518
326 501 331 510 ι
466 351 539 494 s‘
688 411 693 431 ’
971 424 992 490 ,·
1057 389 1473 489 vcottuustuutvs
1681 383 1691 404 ‘

468 636 647 752 aggressi
664 637 715 722 in
735 652 1043 750 conspectuque
1063 655 1206 724 nostro
1226 637 1425 753 hospites,
1452 642 1536 756 qui
1556 643 1605 728 in
1620 641 1783 756 ‚oppido
1804 615 1942 744 erant,
1970 643 2098 758 iugu-

470 749 568 853 lare
584 768 625 838 et
650 750 703 836 de
725 765 855 838 rnuro
867 753 1113 866 praecipites
1135 751 1301 850 mittere
1320 773 1567 869 coeperunt,
1602 760 1730 858 ,sicuti
1750 757 1862 870 apud
1883 757 2098 858 barbaros,

390 863 446 951 ld
462 862 583 979 ‚quod
610 881 701 980 post
727 866 953 952 hominum
970 870 1231 956 memoriam
1265 897 1489 984 nunquam
1518 870 1772 981 estfactum.
1842 871 1976 960 Huius
2006 872 2099 958 diei

173 1050 183 1067 .
271 1025 275 1034 ¹
322 1071 324 1078 ,
471 997 659 1069 extremo
679 998 867 1094 tempore
887 1011 911 1068 a
929 982 1197 1100 Pompeianis
1217 982 1327 1072 clam
1348 983 1400 1070 ad
1425 989 1452 1064 1)
1474 1003 1634 1072 nostros
1653 985 1892 1072 tabellarius
1912 1003 1971 1072 est
1990 989 2099 1072 ruis-

468 1123 556 1195 sus,
583 1111 630 1192 ut
655 1125 702 1182 ea
729 1115 852 1184 nocte
880 1113 1016 1182 turres
1044 1123 1322 1214 aggeremque
1348 1099 1628 1202 incenderent
1655 1116 1695 1185 et
1722 1099 1798 1184 III.
1825 1101 1971 1218 vigilia*
1996 1129 2099 1186 eru·

436 1303 443 1310 ,
471 1213 661 1326 ptionem
681 1210 877 1297 facerent.
933 1210 996 1296 Ita
1016 1214 1116 1326 igne
1135 1211 1399 1327 telorumque
1420 1213 1692 1301 multitudine
1710 1218 1835 1316 iacta,
1861 1241 1961 1300 curn
1983 1214 2099 1302 bene

470 1351 669 1442 magnam
688 1344 852 1440 partem
872 1329 986 1412 muri
1007 1329 1373 1442 consumpsissent,
1401 1347 1586 1440 portam,
1615 1359 1723 1444 quae
1745 1361 1768 1416 e
1788 1332 1960 1446 regione
1982 1333 2098 1416 etin

461 1457 695 1552 conspectu
722 1439 914 1554 Pompeii
941 1457 1169 1526 castrorum
1196 1441 1350 1545 fuerat,
1399 1461 1673 1556 aperuerunt,
1722 1448 1950 1558 copiaeque
1982 1461 2096 1531 totae

380 1573 384 1580 ’
471 1556 737 1666 eruptionem
767 1555 956 1640 fecerunt
982 1583 1208 1670 secumque
1234 1557 1474 1644 extulerunt
1503 1557 1679 1650 culcatas
1697 1561 1728 1637 2)
1755 1556 1808 1644 ad
1836 1559 1958 1644 fossas
1977 1585 2098 1644 com-

463 1666 645 1782 plendas
664 1687 705 1755 et
727 1667 985 1784 harpagones
1007 1670 1059 1756 ad
1081 1701 1201 1772 casas,
1223 1701 1331 1785 quae
1351 1675 1658 1758 strarnentioiae
1681 1702 1704 1758 a
1724 1677 1757 1753 8)
1779 1676 1929 1761 nostris
1950 1671 2097 1759 hiber-

310 1855 314 1862 .
462 1811 628 1882 norum
650 1813 770 1870 causa
792 1781 1026 1870 aedificatae
1049 1804 1186 1887 erant,
1224 1785 1450 1886 diruendas
1472 1805 1512 1872 et
1538 1785 1842 1890 incendendas,
1878 1805 2096 1902 praeterea

462 1916 707 2015 argentum,
735 1903 983 1994 vestimenta
1002 1903 1051 2002 4),
1081 1919 1145 2002 ut,
1174 1900 1277 1988 dum
1299 1904 1432 1988 nostri
1449 1905 1498 1988 iu
1522 1901 1675 2016 praeda
1694 1901 2000 2004 detinerentur,¹
2028 1903 2096 1990 ilii

460 2011 597 2098 ‚caede
618 2012 723 2114 iacta
745 2014 796 2100 sd
816 2014 1020 2128 praesidia
1041 2015 1232 2130 Pompeii
1252 2047 1295 2102 se
1316 2019 1571 2132 reciperene
1601 2047 1716 2119 narn»,
1746 2016 1857 2130 quod
1881 2020 2096 2106 existima·-

471 2127 544 2212 bat
564 2156 632 2212 eos
654 2157 770 2241 posse
789 2131 996 2215 conatum'
1011 2127 1187 2232 efficere,
1225 2149 1347 2220 nocte
1374 2149 1458 2216 tota
1487 2132 1595 2218 ultra
1623 2131 1711 2218 ibat
1737 2131 1902 2218 flumen·
1926 2131 2096 2220 Salsum

409 2257 417 2272 ‘
471 2244 519 2326 iu
542 2245 640 2328 acie.
700 2242 822 2346 Quod
842 2246 997 2330 facturn
1020 2243 1115 2330 licet
1138 2275 1216 2332 nec
1236 2245 1507 2362 opinantibus
1530 2250 1679 2333 nostris
1700 2263 1802 2333 esset
1820 2266 1999 2364 gestum,
2027 2266 2095 2333 ta-

462 2357 573 2454 men
590 2353 743 2443 virtute
756 2358 851 2446 freti
872 2358 1056 2472 repulsos
1070 2359 1295 2473 multisque
1309 2360 1555 2448 vulneribus
1571 2359 1738 2450 affectos
1758 2360 1912 2477 oppido
1925 2369 2094 2478 repres-

402 2536 406 2542 .
472 2488 635 2576 serunt;
653 2569 657 2576 ⁴
675 2473 875 2586 praedam
897 2501 1098 2588 armaque
1121 2504 1267 2571 eorum
1288 2477 1319 2554 5)
1346 2494 1443 2562 sunt
1473 2475 1595 2588 potiti
1622 2479 1823 2590 vivosque
1843 2476 2095 2592 aliquorce-

327 2597 334 2606 '
471 2604 646 2698 perurit,
684 2591 760 2701 qui
787 2607 949 2702 postero
975 2588 1044 2674 die
1070 2609 1168 2678 sunt
1193 2590 1413 2678 interfecti.
1447 2669 1456 2698 ,
1479 2589 1723 2705 Eodemque
1744 2609 1933 2704 ternpore
1955 2609 2093 2680 trans-
2120 2679 2133 2694 ,

470 2701 568 2818 fuga
590 2704 804 2789 nuntiavit
822 2733 874 2788 ex
894 2703 1048 2817 oppido
1070 2703 1256 2805 tunium,
1280 2709 1424 2818 quiin
1447 2704 1641 2792 cuniculo
1659 2704 1812 2808 fuisset,
1832 2705 2094 2824 iugulatioue

345 2829 349 2839 ’
426 2891 431 2898 ,
471 2815 781 2929 oppidanorum
807 2817 912 2903 facta
940 2817 1152 2921 clamasse,
1189 2818 1349 2912 facinus
1377 2849 1420 2904 se
1448 2819 1680 2922 nefandum
1708 2838 1749 2906 et
1773 2821 1903 2906 scelus
1931 2821 2094 2927 fecisse3

471 2953 573 3014 nam
604 2959 673 3015 eos
697 2928 808 3016 nihil
836 2935 1052 3033 meruisse,
1089 2961 1219 3045 quare
1247 2931 1322 3021 tali
1404 2961 1484 3022 ena
1514 2933 1795 3038 dicerentur,
1839 2939 1914 3049 qui
1942 2967 2011 3022 eos
2038 2937 2093 3024 ad

472 3069 562 3132 eras
583 3063 623 3130 et
643 3044 752 3148 iocos
770 3073 864 3130 suos
883 3039 1151 3160 recepissent,
1172 3077 1324 3162 eosque
1346 2963 1573 3163 iidspitium
1592 3050 1744 3168 scelere
1766 3054 2092 3156 contaminasse;

470 3157 602 3244 multa
624 3178 839 3274 praeterea
858 3160 1020 3262 dixisse,
1040 3169 1122 3274 qua
1143 3167 1333 3252 oratione
1350 3164 1566 3252 deterritos
1587 3164 1767 3276 amplius
1787 3164 2092 3280 iugulationem

321 3327 322 3332 κ
392 3267 560 3359 Ιῒῃιιοιι
582 3274 733 3360 iecisse.
790 3274 852 3360 Ita
875 3293 1038 3390 postero
1059 3273 1128 3364 die
1148 3275 1308 3374 Tullius
1328 3277 1483 3394 legatus
1511 3306 1615 3362 curnw
1633 3277 1679 3363 C.
1699 3279 1888 3366 Antonio
1909 3282 1940 3357 6)
1969 3279 2092 3366 Lusi-

353 3471 355 3476 .
459 3406 571 3474 tono
593 3391 711 3475 venit
733 3408 774 3474 et
794 3389 905 3504 apud
926 3389 1146 3490 Caesarem
1165 3393 1298 3478 verba
1316 3393 1429 3480 fecit:
1469 3397 1640 3478 Vtinam
1664 3399 1832 3509 quidm
1852 3399 1915 3508 dii
1933 3402 2090 3482 innor-

472 3507 579 3600 tnles
599 3505 833 3618 fecissent,¹
850 3517 901 3590 ut
923 3511 1180 3620 ntus'pottu
1198 3513 1339 3616 miles,
1373 3540 1499 3624 quum
1521 3509 1600 3594 Cn.
1619 3513 1836 3622 Pompeii,
1867 3512 2009 3625 [nouis
2029 3541 2091 3594 es·

411 3707 414 3719 ,
469 3651 556 3704 som
578 3632 623 3706 et
643 3623 755 3706 hunc
777 3627 945 3706 virtutes
969 3629 1248 3710 constantiam
1275 3630 1320 3707 in
1341 3636 1416 3710 tun
1435 3630 1630 3731 victoria,
1663 3656 1750 3711 non
1774 3631 1819 3710 in
1840 3630 1955 3735 iilius
1974 3630 2090 3710 eain·

469 3742 638 3842 eunte,
680 3748 958 3849 praestarem.
1037 3738 1165 3824 Cuius
1199 3739 1395 3852 funestos
1425 3743 1573 3824 laudes
1604 3742 1865 3856 quoniamst
1894 3743 1954 3824 od
1978 3743 2091 3825 dune

270 3903 272 3912 ι
322 3947 327 3968 ι
468 3852 690 3965 susurnam
704 3854 961 3960 recidenmt,
994 3865 1043 3938 ut
1057 3860 1166 3940 ciues
1177 3857 1365 3944 Romani
1382 3858 1618 3968 indigentes
1630 3859 1837 3968 praesidii
1854 3868 1897 3940 et
1910 3867 2091 3968 propter

466 3973 638 4076 patriae
662 3971 906 4064 luctuosam!
916 3976 1148 4082 perniciem
1170 3973 1363 4055 dednnnr
1382 3973 1420 4049 Ι8)
1441 3973 1621 4070 hostium
1642 4001 1832 4076 numero,
1867 3978 2091 4088 quinoque

470 4086 517 4164 in
539 4085 655 4166 iliius
679 4089 888 4198 prospera
912 4092 1003 4174 acie
1025 4091 1208 4198 primam
1226 4087 1469 4200 sermnem,
1515 4117 1652 4204 neque
1672 4091 1718 4170 in
1741 4090 1922 4170 aduersa
1942 4117 2089 4170 secun·

470 4200 569 4292 dnm
589 4199 842 4285 obtinuimus
864 4206 1107 4307 victorium,
1158 4208 1233 4317 qui
1260 4203 1474 4314 legionum
1492 4213 1571 4290 'totx
1592 4208 1769 4314 impetus
1789 4211 2086 4308 nutentnnier,

468 4319 689 4400 nocturnis
725 4318 970 4431 diurnisque
1002 4317 1199 4427 opeiibus
1232 4320 1480 4429 gladiorum
1514 4323 1620 4405 icius
1653 4318 1916 4432 telorumque
1944 4323 2091 4404 muns

570 4570 675 4658 ¹)[ad]
725 4573 905 4643 ”micatus
955 4575 977 4626 ³)
993 4523 1230 4644 stramentitine
1244 4575 1285 4642 ab
1342 4576 1365 4628 ⁴)
1382 4585 1417 4644 et
1436 4575 1629 4646 vestimenta
1686 4577 1709 4628 ⁵)
1726 4545 1914 4667 praedaque
1933 4583 1968 4642 et
1988 4573 2089 4644 armis

467 4691 583 4746 eorum
633 4673 893 4748 “inamoenus
944 4679 967 4730 ⁷>
983 4679 1105 4767 quim
1155 4679 1179 4731 ⁸)
1195 4676 1355 4750 dodotm
