4450 5518
243 1773 429 1944 Qoibus
447 1807 614 1895 auxiliis
633 1807 827 1896 instructi
848 1823 889 1894 et
911 1833 993 1922 qus
1007 1806 1172 1892 ratione
1186 1807 1252 1896 usi
1265 1803 1583 1898 Commentario
1595 1807 1771 1903 debello

152 1959 424 2076 Hispaniensi
448 1957 682 2074 genuinam
710 1972 920 2071 quantum
944 1951 1036 2042 fieri
1061 1970 1196 2069 posset
1222 1952 1403 2042 formam
1428 1955 1605 2046 reddere
1631 1964 1773 2052 conati

152 2112 301 2212 nmus,
313 2122 318 2131 '
330 2137 382 2196 ex
401 2108 633 2223 specimine
653 2123 752 2194 autc
771 2103 847 2192 hos
866 2101 1012 2192 decem
1032 2131 1167 2190 annos
1185 2103 1350 2209 eadem,
1378 2131 1487 2222 quae
1506 2134 1626 2196 nunc
1638 2109 1773 2216 datur,

153 2255 366 2346 scribendi
379 2231 595 2342 occanum
609 2253 720 2342 edito
735 2279 980 2370 cognoscere
992 2250 1099 2340 licet.
1154 2251 1424 2342 Auxiliorum
1442 2257 1618 2346 interim
1638 2287 1772 2350 occes-

154 2409 217 2496 sio
237 2405 343 2495 facta
365 2423 424 2492 est
445 2434 514 2508 eo,
547 2401 661 2520 quod
682 2431 758 2519 per
779 2399 1167 2517 Middeldorpfium,
1200 2400 1401 2520 collegam
1419 2402 1705 2499 doctissimum
1732 2430 1774 2498 et

155 2555 527 2654 humanissimum,
561 2549 836 2668 aMadvigio,
871 2549 1097 2638 clarissimo
1116 2548 1424 2638 Havniensium
1444 2555 1493 2639 in
1513 2553 1654 2644 Dania
1674 2587 1773 2673 pro-

156 2703 326 2805 fessore,
353 2699 569 2816 exemplar
589 2698 695 2786 illud
714 2697 1026 2822 Fabricianum,
1053 2696 1107 2784 de
1129 2725 1213 2814 quo
1233 2701 1282 2785 in
1302 2699 1562 2813 praefatione
1580 2709 1776 2819 specimif
1880 2685 1883 2693 ¹

157 2855 226 2952 nis
245 2853 398 2970 prioris
415 2849 673 2952 dixeramm,
706 2847 914 2938 mendum
939 2850 1175 2964 accepimus
1204 2879 1257 2936 ex
1286 2879 1421 2966 eoque
1445 2851 1636 2942 codicum
1655 2855 1774 2944 Peta-

140 2978 277 3116 ‚v'ta'nt
301 3021 343 3090 a
367 2999 615 3088 antistans·
628 2997 826 3086 tectione
853 2997 1005 3086 multas
1029 2998 1082 3084 aa
1102 2975 1404 3114 oudendorpto
1432 3001 1637 3119 neglecta
1663 3009 1776 3094 erus-

158 3181 272 3256 mus,
299 3180 408 3267 quae
429 3152 506 3235 etsi
526 3175 662 3234 novae
680 3145 783 3234 lucis
810 3145 864 3234 ad
890 3145 1157 3234 illustrandos
1182 3145 1290 3234 locos
1311 3149 1503 3237 obscuros
1524 3155 1597 3240 vix
1616 3153 1777 3278 aliquid

159 3299 406 3400 attulerunt,
433 3295 638 3383 iudicium
660 3311 803 3382 tamen
824 3293 878 3380 de
899 3295 982 3382 illis
1009 3295 1126 3383 libris
1153 3316 1196 3385 ct
1222 3296 1276 3384 de
1297 3299 1578 3388 adnotationis
1603 3301 1778 3392 Ouden—
1903 3367 1907 3379 .

159 3449 389 3566 dorpianae
413 3445 557 3534 indole
576 3448 755 3532 omnino
774 3443 1141 3532 confirmaverunt.
1198 3446 1423 3552 *Praeterea
1445 3447 1640 3538 editionis
1659 3451 1778 3540 Pauli

160 3599 343 3688 Manutii
356 3595 548 3686 Venetae
568 3591 803 3682 anni1559
822 3597 977 3681 iterum
1000 3598 1162 3710 copiam
1184 3599 1297 3682 nacti
1318 3596 1371 3683 de
1391 3598 1583 3715 vulgatae
1602 3603 1778 3716 scriptu-

161 3775 234 3836 rae
252 3747 494 3832 anctoritate
518 3739 662 3829 multis
679 3743 728 3828 in
747 3741 873 3828 rebus
893 3741 1030 3828 adhuc
1054 3743 1271 3860 ignoratae
1296 3748 1490 3872 certiores
1509 3747 1607 3833 facti
1625 3777 1778 3836 snmus.

161 3897 387 3984 Rationem
407 3909 566 3992 autem,
600 3917 730 4004 quarn
755 3889 880 3978 antea
899 3891 1198 4006 sequebamur,
1229 3911 1277 3978 ut
1298 3892 1487 3981 codicum
1509 3896 1780 4012 interpolato-

104 4135 108 4142 ,
162 4055 279 4142 rum,'
306 4037 523 4162 Petaviani
545 4051 586 4120 et
604 4035 884 4137 Norviccnsis,
913 4035 1109 4126 lectiones
1127 4041 1332 4156 speciosas
1347 4060 1690 4156 postponeremus
1711 4049 1781 4147 eis,

98 4225 105 4238 ·
163 4218 272 4308 quae
298 4207 370 4274 aut
397 4211 601 4272 consensu
622 4183 838 4269 [sidensis
862 4184 1014 4298 prioris
1034 4182 1102 4270 vel
1126 4185 1468 4274 vindobonensis
1487 4193 1619 4303 primi
1639 4191 1781 4306 eisque

162 4336 367 4428 similium
387 4351 428 4420 et
447 4329 694 4418 Dresdensis
719 4332 871 4445 prioris
898 4329 966 4416 vel
988 4329 1332 4420 Vindobonensi‘s
1350 4335 1524 4422 secundi
1544 4337 1612 4424 vel
1635 4342 1812 4440 octavi,-

164 4505 238 4578 aut
260 4485 310 4572 in
330 4481 502 4572 illorum
528 4505 736 4597 generum
762 4478 1039 4593 discrepantia
1066 4478 1134 4584 rel
1161 4483 1399 4568 accessione·
1418 4485 1532 4568 tertii
1557 4487 1781 4601 quartique

164 4635 330 4754 generis
350 4629 418 4718 vel
438 4626 623 4716 veritatis
651 4629 761 4715 notis
788 4625 1010 4729 eiusmodi,
1044 4656 1152 4744 quac
1178 4629 1306 4716 simul
1334 4631 1486 4718 erroris
1509 4646 1551 4716 et
1577 4631 1781 4747 deprava-
