4450 5518
1264 282 1281 332 ³
1836 327 1841 358 t

662 431 728 500 oe
754 399 1265 528 umnomsrsursrsr.
1708 431 1774 510 rs,
1888 359 1896 390 ⁸

152 689 237 775 qun
258 661 434 746 civitate
449 659 577 774 legati,
596 658 651 756 ad,
675 657 934 750 deditionem
955 673 1183 760 venantum
1225 653 1585 770 Mundensesqus,
1619 658 1694 770 qui
1721 685 1774 749 ex

151 775 312 888 proelio
339 779 392 858 in
415 773 619 885 oppidum
644 773 940 888 confugerant,
986 769 1085 859 cum
1111 771 1268 858 diutius
1293 771 1698 858 circumsedereutur
1727 774 1776 872 1),
1840 835 1851 848 .

127 891 265 978 -ben‘e
286 889 407 974 multi
425 887 682 974 deditionem
705 889 884 987 faciunt,
916 906 1073 974 etcum
1097 905 1232 972 essem
1251 890 1298 972 in
1323 885 1531 1000 legionem
1552 885 1774 987 distributi,
1805 957 1809 966 .

153 1009 378 1091 coniurant
400 1006 513 1089 inter
534 1033 620 1088 sese
638 1007 688 1102 2),
724 1020 926 1118 ut'uootu
953 1005 1075 1115 signo*
1099 1000 1212 1102 dato,
1248 1003 1392 1113 quiin
1414 999 1568 1113 oppido
1589 1001 1774 1101 fuissent,

154 1122 421 1232 eruptionem
448 1119 647 1217 facerent,
681 1113 745 1202 illi
766 1117 936 1203 caedem
958 1118 1005 1202 in
1026 1118 1165 1201 castris
1186 1114 1556 1214 adminisnarent„
1611 1113 1699 1198 Hac
1727 1143 1774 1200 re

152 1237 318 1348 cognita
340 1234 583 1344 insequenti
601 1250 724 1316 nocte
742 1231 886 1342 vigilia
907 1233 1029 1316 tertia
1050 1249 1199 1316 tessera
1213 1229 1308 1314 data
1324 1247 1440 1314 extra
1455 1229 1612 1313 vallum
1625 1257 1775 1314 ornnes
1952 1325 1957 1330 ,

136 1368 251 1434 ‘sunt
278 1349 467 1448 concisi.'
514 1345 773 1432 Carteienses
790 1348 842 1446 3),
884 1344 986 1429 dum
1008 1343 1160 1433 Caesar
1184 1347 1231 1430 in
1259 1346 1413 1430 itinere
1436 1344 1597 1456 reliqua
1617 1341 1774 1455 oppida
1799 1359 1857 1449 37

152 1480 385 1576 oppugnat,
413 1478 584 1572 propter
604 1461 851 1573 Pompeium
871 1458 1091 1544 dissentire
1112 1477 1352 1572 coeperunt.
1411 1457 1508 1543 Pars
1530 1477 1634 1557 erat,
1665 1485 1773 1570 quae

152 1577 303 1692 legatos
317 1576 368 1660 ad
385 1575 605 1660 Caesarem
622 1578 801 1674 miserat,
823 1602 927 1686 pars,
948 1602 1032 1684 qua
1051 1576 1082 1652 4)
1103 1573 1457 1688 Pompeianarum
1478 1575 1661 1686 partium
1681 1571 1774 1660 fau-

152 1709 261 1776 tores
281 1709 426 1786 essent.
484 1690 700 1776 Seditione
721 1693 923 1786 concitata
938 1707 1075 1799 portas
1095 1707 1312 1800 occupant.
1371 1686 1528 1772 Caedes
1543 1686 1588 1777 fit
1610 1713 1773 1802 magna.

152 1806 323 1920 Saucius
343 1807 564 1916 Pompeius
585 1833 714 1891 naves
729 1803 830 1901 XX.
852 1821 1024 1912 occupat
1044 1801 1186 1916 longas
1207 1821 1247 1886 et
1266 1801 1458 1915 profugit.
1518 1800 1677 1902 Didius,
1728 1805 1773 1888 ui

152 1919 262 2004 Gadi
281 1921 311 1998 5)
340 1919 457 2020 classi
482 1919 740 2030 praefuisset,
776 1916 830 2004 ad
852 1943 980 2028 quom
1001 1916 1127 2010 simul
1147 1920 1321 2003 nuntius
1344 1916 1489 2000 allatus
1510 1935 1587 2016 est,
1630 1832 1773 2002 conle-

151 2037 247 2120 stim
277 2025 574 2144 sequiooepit3
606 2035 779 2142 ‘partim
809 2031 1013 2142 peditatus
1047 2049 1087 2112 et
1119 2034 1326 2142 equitatus
1354 2029 1405 2112 ad
1433 2031 1773 2144 persequendum

152 2148 341 2232 celeriter
358 2151 439 2230 iter
460 2147 684 2245 faciebant,
718 2148 820 2229 item
850 2161 999 2255 quarto
1029 2143 1099 2226 die
1128 2147 1395 2258 navigatione
1421 2145 1606 2234 confecta
1629 2175 1774 2230 ronse-

153 2280 339 2374 queutes.
405 2259 528 2360 Quod
548 2263 579 2336 6)
606 2263 803 2370 imparati
825 2258 1034 2346 aCarteia
1057 2258 1230 2368 profecti
1250 2263 1342 2344 sine
1363 2286 1471 2370 aqua
1493 2263 1682 2361 fuissent,
1719 2258 1770 2344 ad

151 2383 308 2460 terram
332 2373 553 2485 applicant.
619 2373 732 2457 Dum
756 2391 985 2485 aquantur,
1018 2371 1166 2461 Didius
1184 2373 1309 2458 classe
1329 2378 1526 2473 occurrit,
1556 2403 1683 2459 naves
1702 2377 1772 2460 in-

95 2533 101 2546 ·
150 2489 309 2589 cendit,
353 2488 581 2572 nonnullas
607 2491 726 2599 capit
815 2487 1035 2598 Pompeius
1060 2515 1158 2570 cum
1186 2491 1328 2598 paucis
1355 2488 1536 2601 profugit
1563 2507 1605 2600 ot
1634 2489 1770 2578 locum
1797 2500 1856 2588 38

152 2603 365 2719 quendam
395 2605 609 2686 munitum
640 2621 787 2685 natura
817 2619 998 2713 occupat.
1071 2601 1243 2712 Equites
1270 2619 1312 2686 et
1340 2599 1542 2703 cobortes,
1582 2631 1690 2714 quae
1719 2603 1772 2694 ad

151 2715 488 2830 persequendum
527 2718 676 2800 missae
697 2734 862 2814 ¹essent,
920 2715 1241 2827 speculatoribus
1275 2733 1373 2799 ante
1410 2719 1542 2801 missis
1578 2720 1772 2814 certiores

152 2832 275 2932 liunt,
312 2833 425 2916 diem
456 2849 497 2916 et
525 2848 689 2914 noctem
717 2833 799 2914 iter
825 2830 994 2914 faciunt.
1081 2830 1301 2943 Pompeius
1330 2829 1507 2914 humero
1536 2849 1576 2914 et
1604 2836 1771 2922 sinistro

151 2975 272 3032 crure
293 2946 567 3030 vehementer
590 2965 676 3028 erat
699 2947 869 3030 saueius.
943 2943 1035 3028 Huc
1056 2945 1290 3044 accedebat,
1335 2963 1379 3028 ut
1399 2950 1526 3030 etiarn
1550 2946 1679 3032 talum
1702 2951 1772 3032 in-

151 3064 347 3163 torsisset;
377 3087 486 3172 quse
508 3088 572 3144 res
595 3061 779 3144 maxime
798 3057 1064 3170 impediebat
1122 3058 1184 3143 Ita
1204 3059 1345 3145 lectica
1361 3058 1586 3146 adturrem
1608 3065 1657 3162 7),
1688 3090 1770 3173 qua

152 3187 255 3260 esset
272 3174 437 3274 allatus,
465 3177 513 3258 in
536 3203 586 3258 ea
603 3173 826 3258 ferebatur.
891 3173 1114 3258 Lusitanus
1134 3201 1251 3259 more
1274 3174 1465 3275 militari,
1495 3203 1592 3260 cum
1614 3179 1645 3254 8)
1666 3178 1771 3267 Cae-

150 3293 253 3376 saris
274 3287 480 3400 praesidio
501 3288 642 3374 fuisset
662 3305 920 3400 conspectus,
950 3287 1140 3372 celeriter
1151 3293 1338 3402 equitatu
1352 3288 1673 3402 cohortibusque
1689 3295 1777 3394 cir:

150 3402 446 3490 cumcluditurs
499 3401 600 3487 Erat
621 3431 801 3488 accessus
822 3402 900 3487 loci
913 3400 1147 3487 difficultas.
1205 3405 1315 3488 Nam
1337 3401 1510 3504 idcirco,
1539 3404 1651 3517 quod
1673 3433 1771 3517 pro·

150 3537 243 3630 pter
263 3547 385 3602 suum
397 3517 661 3628 praesidium
682 3521 713 3594 9)
733 3517 875 3603 fuisset
895 3535 1152 3628 conspectus,
1182 3518 1373 3610 celeriter
1393 3522 1608 3604 munitum
1632 3519 1769 3608 locum

151 3651 303 3718 natura
324 3635 372 3712 1⁰)
393 3651 557 3742 ceperat
578 3631 658 3716 sibi
671 3631 911 3744 Pompeius,
930 3659 1061 3743 quem
1081 3634 1153 3715 vix
1174 3636 1223 3711 11)
1244 3661 1396 3747 magna
1410 3633 1682 3724 multitudine
1697 3635 1769 3725 de-

150 3746 264 3834 ducti
288 3747 482 3833 homines
509 3775 560 3830 ex
577 3749 801 3858 ,superiore
829 3745 918 3858 loco
948 3745 1381 3860 defenderepossunt.
1438 3749 1767 3841 subeuntem

64 3941 67 3948 ,
150 3860 334 3956 adventu
358 3864 500 3961 nostri,
523 3860 792 3972 depelluntur
813 3862 860 3941 13)
881 3858 984 3956 telis,
1042 3859 1206 3962 Quibus
1225 3861 1469 3949 cedentibus
1489 3862 1681 3975 cupidius
1699 3868 1768 3953 in-

150 3975 432 4089 sequebantur
451 3975 679 4061 adverssrii
697 3994 740 4060 et
766 3974 984 4070 confestim
1010 3975 1234 4068 tardabant
1261 3978 1316 4068 ab
1342 4007 1513 4063 accessu.
1571 3975 1660 4062 Hoc
1680 4007 1769 4069 sae-

150 4093 243 4203 pius
263 4091 374 4192 facto
391 4089 804 4178 animadvertebatur
835 4107 1157 4203 nostrotnagno
1180 4091 1223 4186 id
1254 4087 1345 4182 fieri
1374 4090 1585 4204 periculo.¹
1612 4093 1767 4208 ¹Opere

254 4373 275 4422 ¹)
291 4369 604 4448 circumciderentur
660 4371 735 4440 ²loe
794 4371 816 4423 ³)
834 4368 1043 4458 Cartejenses
1065 4370 1165 4441 duces
1216 4375 1238 4426 ‘l
1255 4373 1311 4462 qui
1363 4372 1386 4425 1))
1403 4373 1505 4440 Gadis
1555 4373 1767 4443 ⁰lfaciebaut.

150 4475 237 4544 Item
249 4469 301 4540 IV
316 4471 371 4542 ‹lie
384 4471 591 4562 navigatione
606 4473 763 4544 confecta·
774 4474 986 4562 consequitur
1000 4491 1073 4557 eoa3
1099 4473 1187 4564 quod
1238 4475 1260 4527 7)
1277 4475 1394 4544 lectica
1411 4485 1537 4544 aturte
1587 4475 1610 4530 8)
1627 4495 1767 4565 quuma

148 4577 171 4628 tt
194 4585 331 4667 propter
352 4597 428 4646 suos
445 4586 591 4649 suosne
605 4575 769 4664 praesidio
820 4575 854 4627 ¹⁰)
875 4585 1005 4660 ustum,
1029 4599 1127 4666 quem
1179 4579 1214 4630 ¹¹³
1233 4575 1425 4668 Pompejus,
1446 4576 1592 4668 quamtis
1643 4579 1677 4637 ¹²²
1692 4601 1766 4670 pos·

150 4689 236 4764 seut,
255 4679 413 4748 subeunt:
464 4679 499 4732 ¹⁸>
517 4678 621 4746 nenti
638 4677 849 4770 depelluntur
